% Encoding: UTF-8

@Article{Higgs1964,
  author    = {P.W. Higgs},
  title     = {Broken symmetries, massless particles and gauge fields},
  journal   = {Physics Letters},
  year      = {1964},
  volume    = {12},
  number    = {2},
  pages     = {132--133},
  month     = {sep},
  doi       = {10.1016/0031-9163(64)91136-9},
  file      = {:/Users/ramkrishna/cernbox/ThesisReference_2018/Higgs_Mechanism/Broken_symmetries_PeterHiggs_1964.pdf:PDF},
  groups    = {chapter-1 (Intro)},
  keywords  = {Higgs Mechanism},
  publisher = {Elsevier {BV}},
}

@Article{Higgs1964a,
  author    = {Peter W. Higgs},
  title     = {Broken Symmetries and the Masses of Gauge Bosons},
  journal   = {Physical Review Letters},
  year      = {1964},
  volume    = {13},
  number    = {16},
  pages     = {508--509},
  month     = {oct},
  doi       = {10.1103/physrevlett.13.508},
  file      = {:/Users/ramkrishna/cernbox/ThesisReference_2018/Higgs_Mechanism/BrokenSymmetries_Aug1964_PhysRevLett.13.508.pdf:PDF},
  groups    = {chapter-1 (Intro)},
  keywords  = {Higgs Mechanism},
  publisher = {American Physical Society ({APS})},
}

@Article{Higgs1966,
  author    = {Peter W. Higgs},
  title     = {Spontaneous Symmetry Breakdown without Massless Bosons},
  journal   = {Physical Review},
  year      = {1966},
  volume    = {145},
  number    = {4},
  pages     = {1156--1163},
  month     = {may},
  doi       = {10.1103/physrev.145.1156},
  file      = {:/Users/ramkrishna/cernbox/ThesisReference_2018/Higgs_Mechanism/Spontaneous_Symmetry_PeterHiggs_1965.pdf:PDF},
  groups    = {chapter-1 (Intro)},
  keywords  = {Higgs Mechanism},
  publisher = {American Physical Society ({APS})},
}

@Article{Englert1964,
  author    = {F. Englert and R. Brout},
  title     = {Broken Symmetry and the Mass of Gauge Vector Mesons},
  journal   = {Physical Review Letters},
  year      = {1964},
  volume    = {13},
  number    = {9},
  pages     = {321--323},
  month     = {aug},
  doi       = {10.1103/physrevlett.13.321},
  file      = {:/Users/ramkrishna/cernbox/ThesisReference_2018/Higgs_Mechanism/Broken_Symmetry_mass_of_gauge_boson_1964_Englert_Brout.pdf:PDF},
  groups    = {chapter-1 (Intro)},
  keywords  = {Higgs Mechanism},
  publisher = {American Physical Society ({APS})},
}

@Article{Guralnik1964,
  author    = {G. S. Guralnik and C. R. Hagen and T. W. B. Kibble},
  title     = {Global Conservation Laws and Massless Particles},
  journal   = {Physical Review Letters},
  year      = {1964},
  volume    = {13},
  number    = {20},
  pages     = {585--587},
  month     = {nov},
  doi       = {10.1103/physrevlett.13.585},
  file      = {:/Users/ramkrishna/cernbox/ThesisReference_2018/Higgs_Mechanism/Global_Conservation_and_MasslessParticles_Kibble_1964.pdf:PDF},
  groups    = {chapter-1 (Intro)},
  keywords  = {Higgs Mechanism},
  publisher = {American Physical Society ({APS})},
}

@Article{Kibble1967,
  author    = {T. W. B. Kibble},
  title     = {Symmetry Breaking in Non-Abelian Gauge Theories},
  journal   = {Physical Review},
  year      = {1967},
  volume    = {155},
  number    = {5},
  pages     = {1554--1561},
  month     = {mar},
  doi       = {10.1103/physrev.155.1554},
  file      = {:/Users/ramkrishna/cernbox/ThesisReference_2018/Higgs_Mechanism/SymmetryBreaking_NonAbelian_Kibble_1966.pdf:PDF},
  groups    = {chapter-1 (Intro)},
  publisher = {American Physical Society ({APS})},
}

@Article{Chatrchyan:2012xdj,
  author        = {S. Chatrchyan and V. Khachatryan and A.M. Sirunyan and A. Tumasyan and W. Adam and E. Aguilo and T. Bergauer and M. Dragicevic and J. Erö and C. Fabjan and M. Friedl and R. Frühwirth and V.M. Ghete and J. Hammer and M. Hoch and N. Hörmann and J. Hrubec and M. Jeitler and W. Kiesenhofer and V. Knünz and M. Krammer and I. Krätschmer and D. Liko and W. Majerotto and I. Mikulec and M. Pernicka and B. Rahbaran and C. Rohringer and H. Rohringer and R. Schöfbeck and J. Strauss and F. Szoncs{\'{o}} and A. Taurok and W. Waltenberger and G. Walzel and E. Widl and C.-E. Wulz and V. Chekhovsky and I. Emeliantchik and A. Litomin and V. Makarenko and V. Mossolov and N. Shumeiko and A. Solin and R. Stefanovitch and J. Suarez Gonzalez and A. Fedorov and M. Korzhik and O. Missevitch and R. Zuyeuski and M. Bansal and S. Bansal and W. Beaumont and T. Cornelis and E.A. De Wolf and D. Druzhkin and X. Janssen and S. Luyckx and L. Mucibello and S. Ochesanu and B. Roland and R. Rougny and M. Selvaggi and Z. Staykova and H. Van Haevermaet and P. Van Mechelen and N. Van Remortel and A. Van Spilbeeck and F. Blekman and S. Blyweert and J. D'Hondt and O. Devroede and R. Gonzalez Suarez and R. Goorens and A. Kalogeropoulos and M. Maes and A. Olbrechts and S. Tavernier and W. Van Doninck and L. Van Lancker and P. Van Mulders and G.P. Van Onsem and I. Villella and B. Clerbaux and G. De Lentdecker and V. Dero and J.P. Dewulf and A.P.R. Gay and T. Hreus and A. L{\'{e}}onard and P.E. Marage and A. Mohammadi and T. Reis and S. Rugovac and L. Thomas and C. Vander Velde and P. Vanlaer and J. Wang and J. Wickens and V. Adler and K. Beernaert and A. Cimmino and S. Costantini and G. Garcia and M. Grunewald and B. Klein and J. Lellouch and A. Marinov and J. Mccartin and A.A. Ocampo Rios and D. Ryckbosch and N. Strobbe and F. Thyssen and M. Tytgat and S. Walsh and E. Yazgan and N. Zaganidis and S. Basegmez and G. Bruno and R. Castello and L. Ceard and J. De Favereau De Jeneret and C. Delaere and P. Demin and T. du Pree and D. Favart and L. Forthomme and A. Giammanco and G. Gr{\'{e}}goire and J. Hollar and V. Lemaitre and J. Liao and O. Militaru and C. Nuttens and D. Pagano and A. Pin and K. Piotrzkowski and N. Schul and J.M. Vizan Garcia and N. Beliy and T. Caebergs and E. Daubie and G.H. Hammad and G.A. Alves and L. Brito and M. Correa Martin and T. Martins and M.E. Pol and M.H.G. Souza and W.L. Ald{\'{a}} J{\'{u}}nior and W. Carvalho and A. Cust{\'{o}}dio and E.M. Da Costa and D. De Jesus Damiao and C. De Oliveira Martins and S. Fonseca De Souza and D. Matos Figueiredo and L. Mundim and H. Nogima and V. Oguri and W.L. Prado Da Silva and A. Santoro and A. Sznajder and A. Vilela Pereira and T.S. Anjos and C.A. Bernardes and F.A. Dias and T.R. Fernandez Perez Tomei and E.M. Gregores and R.L. Iope and C. Lagana and S.M. Lietti and F. Marinho and P.G. Mercadante and S.F. Novaes and Sandra S. Padula and L. Dimitrov and V. Genchev and P. Iaydjiev and S. Piperov and M. Rodozov and S. Stoykova and G. Sultanov and V. Tcholakov and R. Trayanov and I. Vankov and M. Vutova and C. Roumenin and D. Uzunova and R. Zahariev and A. Dimitrov and R. Hadjiiska and V. Kozhuharov and L. Litov and B. Pavlov and P. Petkov and J.G. Bian and G.M. Chen and H.S. Chen and K.L. He and C.H. Jiang and W.G. Li and D. Liang and S. Liang and X. Meng and G. Sun and H.S. Sun and J. Tao and J. Wang and X. Wang and Z. Wang and H. Xiao and M. Xu and M. Yang and J. Zang and X. Zhang and Z. Zhang and Z. Zhang and W.R. Zhao and Z. Zhu and C. Asawatangtrakuldee and Y. Ban and J. Cai and S. Guo and Y. Guo and W. Li and H.T. Liu and S. Liu and Y. Mao and S.J. Qian and H. Teng and D. Wang and Y.L. Ye and L. Zhang and B. Zhu and W. Zou and C. Avila and J.P. Gomez and B. Gomez Moreno and A.F. Osorio Oliveros and J.C. Sanabria and N. Godinovic and D. Lelas and R. Plestina and D. Polic and I. Puljak and Z. Antunovic and M. Kovac and V. Brigljevic and S. Duric and K. Kadija and J. Luetic and S. Morovic and A. Attikis and M. Galanti and G. Mavromanolakis and J. Mousa and C. Nicolaou and F. Ptochos and P.A. Razis and M. Finger and M. Finger and A. Aly and Y. Assran and A. Awad and S. Elgammal and A. Ellithi Kamel and S. Khalil and M.A. Mahmoud and A. Mahrous and A. Radi and A. Hektor and M. Kadastik and K. Kannike and M. Müntel and M. Raidal and L. Rebane and A. Strumia and A. Tiko and P. Eerola and G. Fedi and M. Voutilainen and E. Anttila and J. Härkönen and A. Heikkinen and V. Karimäki and H.M. Katajisto and R. Kinnunen and M.J. Kortelainen and M. Kotamäki and T. Lamp{\'{e}}n and K. Lassila-Perini and S. Lehti and T. Lind{\'{e}}n and P. Luukka and T. Mäenpää and T. Peltola and E. Tuominen and J. Tuominiemi and E. Tuovinen and D. Ungaro and T.P. Vanhala and L. Wendland and K. Banzuzi and A. Karjalainen and A. Korpela and T. Tuuva and M. Anfreville and M. Besancon and S. Choudhury and M. Dejardin and D. Denegri and B. Fabbro and J.L. Faure and F. Ferri and S. Ganjour and F.X. Gentit and A. Givernaud and P. Gras and G. Hamel de Monchenault and P. Jarry and F. Kircher and M.C. Lemaire and E. Locci and J. Malcles and I. Mandjavidze and A. Nayak and J.P. Pansart and J. Rander and J.M. Reymond and A. Rosowsky and I. Shreyber and M. Titov and P. Verrecchia and J. Badier and S. Baffioni and F. Beaudette and E. Becheva and L. Benhabib and L. Bianchini and M. Bluj and C. Broutin and P. Busson and M. Cerutti and D. Chamont and C. Charlot and N. Daci and T. Dahms and M. Dalchenko and L. Dobrzynski and Y. Geerebaert and R. Granier de Cassagnac and M. Haguenauer and P. Hennion and G. Milleret and P. Min{\'{e}} and C. Mironov and I.N. Naranjo and M. Nguyen and C. Ochando and P. Paganini and T. Romanteau and D. Sabes and R. Salerno and A. Sartirana and Y. Sirois and C. Thiebaux and C. Veelken and A. Zabi and J.-L. Agram and J. Andrea and A. Besson and D. Bloch and D. Bodin and J.-M. Brom and M. Cardaci and E.C. Chabert and C. Collard and E. Conte and F. Drouhin and C. Ferro and J.-C. Fontaine and D. Gel{\'{e}} and U. Goerlach and C. Goetzmann and L. Gross and D. Huss and P. Juillot and E. Kieffer and A.-C. Le Bihan and J. Pansanel and Y. Patois and P. Van Hove and D. Boutigny and D. Mercier and G. Baulieu and S. Beauceron and N. Beaupere and M. Bedjidian and O. Bondu and G. Boudoul and S. Brochet and J. Chasserat and R. Chierici and C. Combaret and D. Contardo and P. Depasse and H. El Mamouni and J. Fay and S. Gascon and N. Giraud and M. Gouzevitch and R. Haroutunian and B. Ille and T. Kurca and M. Lethuillier and N. Lumb and H. Mathez and L. Mirabito and S. Perries and L. Sgandurra and V. Sordini and Y. Tschudi and M. Vander Donckt and P. Verdier and S. Viret and V. Roinishvili and L. Rurua and N. Amaglobeli and I. Bagaturia and B. Chiladze and R. Kvatadze and D. Lomidze and R. Shanidze and Z. Tsamalaidze and R. Adolphi and G. Anagnostou and C. Autermann and S. Beranek and R. Brauer and W. Braunschweig and B. Calpas and M. Edelhoff and L. Feld and N. Heracleous and O. Hindrichs and R. Jussen and W. Karpinski and K. Klein and K. Lübelsmeyer and J. Merz and A. Ostapchuk and D. Pandoulas and A. Perieanu and F. Raupach and J. Sammet and S. Schael and D. Schmitz and A. Schultz von Dratzig and R. Siedling and D. Sprenger and H. Weber and B. Wittmer and M. Wlochal and V. Zhukov and M. Ata and P. Biallass and J. Caudron and E. Dietz-Laursonn and D. Duchardt and M. Erdmann and R. Fischer and A. Güth and T. Hebbeker and C. Heidemann and G. Hilgers and K. Hoepfner and C. Hof and T. Klimkovich and D. Klingebiel and P. Kreuzer and C. Magass and M. Merschmeyer and A. Meyer and M. Olschewski and P. Papacz and B. Philipps and H. Pieta and H. Reithler and S.A. Schmitz and L. Sonnenschein and M. Sowa and J. Steggemann and D. Teyssier and M. Weber and M. Bontenackels and V. Cherepanov and Y. Erdogan and G. Flügge and H. Geenen and M. Geisler and W. Haj Ahmad and F. Hoehle and B. Kargoll and T. Kress and Y. Kuessel and J. Lingemann and A. Nowack and L. Perchalla and O. Pooth and P. Sauerland and A. Stahl and M.H. Zoeller and M. Aldaya Martin and J. Behr and W. Behrenhoff and U. Behrens and M. Bergholz and A. Bethani and K. Borras and A. Burgmeier and A. Cakir and L. Calligaris and A. Campbell and E. Castro and F. Costanza and D. Dammann and C. Diez Pardos and G. Eckerlin and D. Eckstein and A. Flossdorf and G. Flucke and A. Geiser and I. Glushkov and P. Goettlicher and A. Grebenyuk and P. Gunnellini and S. Habib and J. Hauk and G. Hellwig and H. Jung and M. Kasemann and P. Katsas and C. Kleinwort and H. Kluge and A. Knutsson and M. Krämer and D. Krücker and E. Kuznetsova and W. Lange and B. Lewendel and W. Lohmann and B. Lutz and R. Mankel and I. Marfin and M. Marienfeld and I.-A. Melzer-Pellmann and A.B. Meyer and J. Mnich and C. Muhl and A. Mussgiller and S. Naumann-Emme and O. Novgorodova and J. Olzem and A. Parenti and H. Perrey and A. Petrukhin and D. Pitzl and A. Raspereza and P.M. Ribeiro Cipriano and C. Riedl and E. Ron and C. Rosemann and M. Rosin and J. Salfeld-Nebgen and R. Schmidt and T. Schoerner-Sadenius and N. Sen and A. Spiridonov and M. Stein and J. Tomaszewska and D. Volyanskyy and R. Walsh and C. Wissing and C. Youngman and V. Blobel and J. Draeger and H. Enderle and J. Erfle and U. Gebbert and M. Görner and T. Hermanns and R.S. Höing and K. Kaschube and G. Kaussen and H. Kirschenmann and R. Klanner and J. Lange and B. Mura and F. Nowak and T. Peiffer and N. Pietsch and D. Rathjens and C. Sander and H. Schettler and P. Schleper and E. Schlieckau and A. Schmidt and M. Schröder and T. Schum and M. Seidel and J. Sibille and V. Sola and H. Stadie and G. Steinbrück and J. Thomsen and L. Vanelderen and C. Barth and J. Bauer and J. Berger and P. Blüm and C. Böser and V. Buege and Z.Y. Chen and S. Chowdhury and T. Chwalek and D. Daeuwel and W. De Boer and A. Descroix and A. Dierlamm and G. Dirkes and M. Fahrer and M. Feindt and U. Felzmann and M. Frey and A. Furgeri and I. Gebauer and A. Gessler and J. Gruschke and M. Guthoff and C. Hackstein and F. Hartmann and F. Hauler and T. Hauth and S. Heier and S.M. Heindl and M. Heinrich and A. Heiss and H. Held and K.H. Hoffmann and S. Honc and U. Husemann and M. Imhof and C. Jung and S. Junghans and I. Katkov and U. Kerzel and D. Knoblauch and J.R. Komaragiri and M. Kräber and T. Kuhr and T. Liamsuwan and P. Lobelle Pardo and D. Martschei and A. Menchikov and X. Mol and D. Mörmann and S. Mueller and Th. Müller and D. Neuberger and M.B. Neuland and M. Niegel and A. Nürnberg and O. Oberst and A. Oehler and T. Ortega Gomez and J. Ott and C. Piasecki and A. Poschlad and G. Quast and K. Rabbertz and F. Ratnikov and N. Ratnikova and M. Renz and S. Röcker and F. Roederer and A. Sabellek and C. Saout and A. Scheurer and D. Schieferdecker and P. Schieferdecker and F.-P. Schilling and M. Schmanau and G. Schott and W. Schwerdtfeger and H.J. Simonis and A. Skiba and F.M. Stober and A. Theel and W.H. Thümmel and D. Troendle and A. Trunov and R. Ulrich and J. Wagner-Kuhr and S. Wayand and M. Weber and T. Weiler and M. Zeise and E.B. Ziebarth and M. Zvada and G. Daskalakis and T. Geralis and S. Kesisoglou and A. Kyriakis and D. Loukas and I. Manolakos and A. Markou and C. Markou and C. Mavrommatis and E. Ntomari and L. Gouskos and A. Panagiotou and N. Saoulidou and I. Evangelou and C. Foudas and P. Kokkas and N. Manthos and I. Papadopoulos and V. Patras and F.A. Triantis and G. Bencze and C. Hajdu and P. Hidas and D. Horvath and F. Sikler and V. Veszpremi and G. Vesztergombi and P. Zalan and N. Beni and S. Czellar and A. Fenyvesi and J. Molnar and J. Palinkas and Z. Szillasi and J. Karancsi and P. Raics and Z.L. Trocsanyi and B. Ujvari and G. Zilizi and S.B. Beri and V. Bhandari and V. Bhatnagar and N. Dhingra and R. Gupta and M. Kaur and J.M. Kohli and M.Z. Mehta and N. Nishu and L.K. Saini and A. Sharma and J.B. Singh and Ashok Kumar and Arun Kumar and S. Ahuja and A. Bhardwaj and S. Chatterji and B.C. Choudhary and P. Gupta and S. Malhotra and M. Naimuddin and K. Ranjan and V. Sharma and R.K. Shivpuri and S. Banerjee and S. Bhattacharya and S. Dutta and B. Gomber and Sa. Jain and Sh. Jain and R. Khurana and S. Sarkar and M. Sharan and A. Abdulsalam and R.K. Choudhury and D. Dutta and M. Ghodgaonkar and S. Kailas and S.K. Kataria and V. Kumar and P. Mehta and A.K. Mohanty and L.M. Pant and P. Shukla and A. Topkar and T. Aziz and S. Chendvankar and P.V. Deshpande and S.N. Ganguli and S. Ganguly and M. Guchait and A. Gurtu and M. Maity and K. Mazumdar and G.B. Mohanty and B. Parida and M.R. Patil and R. Raghavan and K. Sudhakar and N. Wickramage and B.S. Acharya and S. Banerjee and S. Bheesette and S. Dugad and S.D. Kalmani and M.R. Krishnaswamy and V.R. Lakkireddi and N.K. Mondal and V.S. Narasimham and N. Panyam and P. Verma and F. Ardalan and H. Arfaei and H. Bakhshiansohi and S.M. Etesami and A. Fahim and M. Hashemi and A. Jafari and M. Khakzad and M. Mohammadi Najafabadi and S. Paktinat Mehdiabadi and B. Safarzadeh and M. Zeinali and M. Abbrescia and L. Barbone and C. Calabria and S.S. Chhibra and A. Colaleo and D. Creanza and N. De Filippis and M. De Palma and G. De Robertis and G. Donvito and L. Fiore and G. Iaselli and F. Loddo and G. Maggi and M. Maggi and N. Manna and B. Marangelli and S. My and S. Natali and S. Nuzzo and N. Pacifico and A. Pompili and G. Pugliese and A. Ranieri and F. Romano and G. Selvaggi and L. Silvestris and G. Singh and V. Spinoso and R. Venditti and P. Verwilligen and G. Zito and G. Abbiendi and A.C. Benvenuti and D. Bonacorsi and S. Braibant-Giacomelli and L. Brigliadori and P. Capiluppi and A. Castro and F.R. Cavallo and M. Cuffiani and G.M. Dallavalle and F. Fabbri and A. Fanfani and D. Fasanella and P. Giacomelli and C. Grandi and L. Guiducci and S. Marcellini and G. Masetti and M. Meneghelli and A. Montanari and F.L. Navarria and F. Odorici and A. Perrotta and F. Primavera and A.M. Rossi and T. Rovelli and G.P. Siroli and R. Travaglini and S. Albergo and G. Cappello and M. Chiorboli and S. Costa and F. Noto and R. Potenza and M.A. Saizu and A. Tricomi and C. Tuve and G. Barbagli and V. Ciulli and C. Civinini and R. D'Alessandro and E. Focardi and S. Frosali and E. Gallo and C. Genta and S. Gonzi and M. Meschini and S. Paoletti and G. Parrini and R. Ranieri and G. Sguazzoni and A. Tropiano and L. Benussi and S. Bianco and S. Colafranceschi and F. Fabbri and D. Piccolo and P. Fabbricatore and S. Farinon and M. Greco and R. Musenich and S. Tosi and A. Benaglia and L. Carbone and P. D'Angelo and F. De Guio and L. Di Matteo and P. Dini and F.M. Farina and S. Fiorendi and S. Gennai and A. Ghezzi and S. Malvezzi and R.A. Manzoni and A. Martelli and A. Massironi and D. Menasce and L. Moroni and P. Negri and M. Paganoni and D. Pedrini and A. Pullia and S. Ragazzi and N. Redaelli and S. Sala and T. Tabarelli de Fatis and S. Buontempo and C.A. Carrillo Montoya and N. Cavallo and A. De Cosa and O. Dogangun and F. Fabozzi and A.O.M. Iorio and L. Lista and S. Meola and M. Merola and P. Paolucci and P. Azzi and N. Bacchetta and M. Bellato and M. Benettoni and M. Biasotto and D. Bisello and A. Branca and R. Carlin and P. Checchia and T. Dorigo and U. Dosselli and F. Fanzago and F. Gasparini and U. Gasparini and P. Giubilato and F. Gonella and A. Gozzelino and M. Gulmini and K. Kanishchev and S. Lacaprara and I. Lazzizzera and M. Loreti and M. Margoni and G. Maron and M. Mazzucato and A.T. Meneguzzo and F. Montecassiano and M. Passaseo and J. Pazzini and M. Pegoraro and N. Pozzobon and P. Ronchese and F. Simonetto and E. Torassa and M. Tosi and S. Vanini and S. Ventura and P. Zotto and G. Zumerle and U. Berzano and M. Gabusi and S.P. Ratti and C. Riccardi and P. Torre and P. Vitulo and M. Biasini and G.M. Bilei and L. Fan{\`{o}} and P. Lariccia and A. Lucaroni and G. Mantovani and M. Menichelli and A. Nappi and D. Passeri and P. Placidi and F. Romeo and A. Saha and A. Santocchia and L. Servoli and A. Spiezia and S. Taroni and M. Valdata and F. Angelini and S. Arezzini and P. Azzurri and G. Bagliesi and A. Basti and R. Bellazzini and J. Bernardini and T. Boccali and F. Bosi and A. Brez and G. Broccolo and F. Calzolari and A. Carboni and R. Castaldi and C. Cerri and A. Ciampa and R.T. D'Agnolo and R. Dell'Orso and F. Fiori and L. Fo{\`{a}} and A. Giassi and S. Giusti and A. Kraan and L. Latronico and F. Ligabue and S. Linari and T. Lomtadze and L. Martini and M. Massa and M.M. Massai and E. Mazzoni and A. Messineo and A. Moggi and F. Palla and F. Raffaelli and A. Rizzi and G. Sanguinetti and G. Segneri and A.T. Serban and P. Spagnolo and G. Spandre and P. Squillacioti and R. Tenchini and G. Tonelli and A. Venturi and P.G. Verdini and S. Baccaro and L. Barone and A. Bartoloni and F. Cavallari and I. Dafinei and D. Del Re and M. Diemoz and C. Fanelli and M. Grassi and E. Longo and P. Meridiani and F. Micheli and S. Nourbakhsh and G. Organtini and R. Paramatti and S. Rahatlou and M. Sigamani and L. Soffi and I.G. Talamo and N. Amapane and R. Arcidiacono and S. Argiro and M. Arneodo and C. Biino and N. Cartiglia and M. Costa and N. Demaria and C. Mariotti and S. Maselli and E. Migliore and V. Monaco and M. Musich and M.M. Obertino and N. Pastrone and M. Pelliccioni and C. Peroni and A. Potenza and A. Romero and M. Ruspa and R. Sacchi and A. Solano and A. Staiano and F. Ambroglini and S. Belforte and V. Candelise and M. Casarsa and F. Cossutti and G. Della Ricca and B. Gobbo and C. Kavka and M. Marone and D. Montanino and A. Penzo and A. Schizzi and T.Y. Kim and S.K. Nam and S. Chang and J. Chung and S.W. Ham and D. Han and J. Kang and D.H. Kim and G.N. Kim and J.E. Kim and K.S. Kim and D.J. Kong and M.W. Lee and Y.D. Oh and H. Park and S.R. Ro and D. Son and D.C. Son and J.S. Suh and J.Y. Kim and Zero J. Kim and S. Song and S. Choi and D. Gyun and B. Hong and M. Jo and Y. Jo and M. Kang and H. Kim and T.J. Kim and K.S. Lee and D.H. Moon and S.K. Park and K.S. Sim and M. Choi and G. Hahn and S. Kang and H. Kim and J.H. Kim and C. Park and I.C. Park and S. Park and G. Ryu and Y. Choi and Y.K. Choi and J. Goh and M.S. Kim and E. Kwon and B. Lee and J. Lee and S. Lee and H. Seo and I. Yu and M. Janulis and A. Juodagalvis and R. Naujikas and H. Castilla-Valdez and E. De La Cruz-Burelo and I. Heredia-de La Cruz and R. Lopez-Fernandez and R. Maga{\~{n}}a Villalba and J. Mart{\'{\i}}nez-Ortega and A. S{\'{a}}nchez-Hern{\'{a}}ndez and L.M. Villasenor-Cendejas and S. Carrillo Moreno and F. Vazquez Valencia and H.A. Salazar Ibarguen and E. Casimiro Linares and A. Morelos Pineda and M.A. Reyes-Santos and P. Allfrey and D. Krofcheck and A.J. Bell and N. Bernardino Rodrigues and A.P.H. Butler and P.H. Butler and R. Doesburg and D. Pfeiffer and S. Reucroft and H. Silverwood and J.C. Williams and M. Ahmad and M.H. Ansari and M.I. Asghar and J. Butt and H.R. Hoorani and S. Khalid and W.A. Khan and T. Khurshid and S. Qazi and M.A. Shah and M. Shoaib and H. Bialkowska and B. Boimska and T. Frueboes and R. Gokieli and L. Goscilo and M. G{\'{o}}rski and M. Kazana and I.M. Kudla and K. Nawrocki and K. Romanowska-Rybinska and M. Szleper and G. Wrochna and P. Zalewski and G. Brona and K. Bunkowski and M. Cwiok and H. Czyrkowski and R. Dabrowski and W. Dominik and K. Doroba and A. Kalinowski and M. Konecki and J. Krolikowski and W. Oklinski and K. Pozniak and W. Zabolotny and P. Zych and G. Kasprowicz and R. Romaniuk and R. Alemany-Fernandez and N. Almeida and P. Bargassa and A. David and P. Faccioli and P.G. Ferreira Parracho and M. Gallinaro and P.Q. Ribeiro and J. Seixas and J. Silva and J. Varela and P. Vischia and S. Afanasiev and I. Belotelov and P. Bunin and Y. Ershov and M. Gavrilenko and A. Golunov and I. Golutvin and N. Gorbounov and I. Gorbunov and I. Gramenitski and V. Kalagin and A. Kamenev and V. Karjavin and V. Konoplyanikov and V. Korenkov and G. Kozlov and A. Kurenkov and A. Lanev and A. Makankin and A. Malakhov and I. Melnitchenko and V.V. Mitsyn and P. Moisenz and D. Oleynik and A. Orlov and V. Palichik and V. Perelygin and A. Petrosyan and M. Savina and R. Semenov and S. Shmatov and S. Shulha and A. Skachkova and N. Skatchkov and V. Smetannikov and V. Smirnov and D. Smolin and E. Tikhonenko and S. Vasil'ev and A. Volodko and A. Zarubin and V. Zhiltsov and S. Evstyukhin and V. Golovtsov and Y. Ivanov and V. Kim and P. Levchenko and V. Murzin and V. Oreshkin and I. Smirnov and V. Sulimov and L. Uvarov and S. Vavilov and A. Vorobyev and An. Vorobyev and Yu. Andreev and A. Anisimov and A. Dermenev and S. Gninenko and N. Golubev and D. Gorbunov and A. Karneyeu and M. Kirsanov and N. Krasnikov and V. Matveev and A. Pashenkov and G. Pivovarov and V.E. Postoev and V. Rubakov and V. Shirinyants and A. Solovey and D. Tlisov and A. Toropin and S. Troitsky and V. Epshteyn and M. Erofeeva and V. Gavrilov and V. Kaftanov and I. Kiselevich and V. Kolosov and A. Konoplyannikov and M. Kossov and Y. Kozlov and A. Krokhotin and D. Litvintsev and N. Lychkovskaya and A. Oulianov and V. Popov and G. Safronov and S. Semenov and N. Stepanov and V. Stolin and E. Vlasov and V. Zaytsev and A. Zhokin and A. Belyaev and E. Boos and V. Bunichev and A. Demiyanov and M. Dubinin and L. Dudko and A. Ershov and A. Gribushin and V. Ilyin and A. Kaminskiy and V. Klyukhin and O. Kodolova and V. Korotkikh and A. Kryukov and I. Lokhtin and A. Markina and S. Obraztsov and M. Perfilov and S. Petrushanko and A. Popov and A. Proskuryakov and L. Sarycheva and V. Savrin and A. Snigirev and I. Vardanyan and V. Andreev and M. Azarkin and I. Dremin and M. Kirakosyan and A. Leonidov and G. Mesyats and S.V. Rusakov and A. Vinogradov and I. Azhgirey and I. Bayshev and S. Bitioukov and V. Grishin and V. Kachanov and A. Kalinin and D. Konstantinov and A. Korablev and V. Krychkine and A. Levine and V. Petrov and A. Ryabov and R. Ryutin and A. Sobol and V. Talov and L. Tourtchanovitch and S. Troshin and N. Tyurin and A. Uzunian and A. Volkov and P. Adzic and M. Djordjevic and M. Ekmedzic and D. Krpic and J. Milosevic and N. Smiljkovic and M. Zupan and M. Aguilar-Benitez and J. Alcaraz Maestre and P. Arce and C. Battilana and E. Calvo and M. Cerrada and M. Chamizo Llatas and N. Colino and B. De La Cruz and A. Delgado Peris and D. Dom{\'{\i}}nguez V{\'{a}}zquez and C. Fernandez Bedoya and J.P. Fern{\'{a}}ndez Ramos and A. Ferrando and J. Flix and M.C. Fouz and P. Garcia-Abia and O. Gonzalez Lopez and S. Goy Lopez and J.M. Hernandez and M.I. Josa and G. Merino and J. Puerta Pelayo and A. Quintario Olmeda and I. Redondo and L. Romero and J. Santaolalla and M.S. Soares and C. Willmott and C. Albajar and G. Codispoti and J.F. de Troc{\'{o}}niz and H. Brun and J. Cuevas and J. Fernandez Menendez and S. Folgueras and I. Gonzalez Caballero and L. Lloret Iglesias and J. Piedra Gomez and J.A. Brochero Cifuentes and I.J. Cabrillo and A. Calderon and S.H. Chuang and J. Duarte Campderros and M. Felcini and M. Fernandez and G. Gomez and J. Gonzalez Sanchez and A. Graziano and C. Jorda and A. Lopez Virto and J. Marco and R. Marco and C. Martinez Rivero and F. Matorras and F.J. Munoz Sanchez and T. Rodrigo and A.Y. Rodr{\'{\i}}guez-Marrero and A. Ruiz-Jimeno and L. Scodellaro and M. Sobron Sanudo and I. Vila and R. Vilar Cortabitarte and D. Abbaneo and P. Aspell and E. Auffray and G. Auzinger and M. Bachtis and J. Baechler and P. Baillon and A.H. Ball and D. Barney and J.F. Benitez and C. Bernet and W. Bialas and G. Bianchi and P. Bloch and A. Bocci and A. Bonato and C. Botta and H. Breuker and D. Campi and T. Camporesi and E. Cano and G. Cerminara and A. Charkiewicz and T. Christiansen and J.A. Coarasa Perez and B. Cur{\'{e}} and D. D'Enterria and A. Dabrowski and J. Daguin and A. De Roeck and S. Di Guida and M. Dobson and N. Dupont-Sagorin and A. Elliott-Peisert and M. Eppard and B. Frisch and W. Funk and A. Gaddi and M. Gastal and G. Georgiou and H. Gerwig and M. Giffels and D. Gigi and K. Gill and D. Giordano and M. Girone and M. Giunta and F. Glege and R. Gomez-Reino Garrido and P. Govoni and S. Gowdy and R. Guida and J. Gutleber and M. Hansen and P. Harris and C. Hartl and J. Harvey and B. Hegner and A. Hinzmann and A. Honma and V. Innocente and P. Janot and K. Kaadze and E. Karavakis and K. Kloukinas and K. Kousouris and P. Lecoq and Y.-J. Lee and P. Lenzi and R. Loos and C. Louren{\c{c}}o and N. Magini and T. Mäki and M. Malberti and L. Malgeri and M. Mannelli and A. Marchioro and J. Marques Pinho Noite and L. Masetti and F. Meijers and S. Mersi and E. Meschi and L. Moneta and M.U. Mozer and M. Mulders and P. Musella and A. Onnela and T. Orimoto and L. Orsini and J.A. Osborne and E. Palencia Cortezon and E. Perez and L. Perrozzi and P. Petagna and A. Petrilli and A. Petrucci and A. Pfeiffer and M. Pierini and M. Pimiä and D. Piparo and G. Polese and H. Postema and L. Quertenmont and A. Racz and W. Reece and D. Ricci and J. Rodrigues Antunes and G. Rolandi and C. Rovelli and M. Rovere and V. Ryjov and H. Sakulin and D. Samyn and F. Santanastasio and C. Schäfer and C. Schwick and A. Sciaba and I. Segoni and S. Sekmen and A. Sharma and P. Siegrist and P. Silva and M. Simon and P. Sphicas and D. Spiga and B.G. Taylor and P. Tropea and J. Troska and A. Tsirou and F. Vasey and L. Veillet and G.I. Veres and P. Vichoudis and J.R. Vlimant and P. Wertelaers and H.K. Wöhri and S.D. Worm and W.D. Zeuner and W. Bertl and K. Deiters and W. Erdmann and D. Feichtinger and K. Gabathuler and R. Horisberger and Q. Ingram and H.C. Kaestli and S. König and D. Kotlinski and U. Langenegger and B. Meier and F. Meier and D. Renker and T. Rohe and T. Sakhelashvili and L. Bäni and F. Behner and B. Betev and B. Blau and P. Bortignon and M.A. Buchmann and B. Casal and N. Chanon and Z. Chen and D.R. Da Silva Di Calafiori and S. Dambach and G. Davatz and A. Deisher and G. Dissertori and M. Dittmar and L. Djambazov and M. Doneg{\`{a}} and M. Dünser and C. Eggel and J. Eugster and G. Faber and K. Freudenreich and C. Grab and W. Hintz and D. Hits and H. Hofer and O. Holme and I. Horvath and P. Lecomte and W. Lustermann and C. Marchica and A.C. Marini and P. Martinez Ruiz del Arbol and N. Mohr and F. Moortgat and C. Nägeli and P. Nef and F. Nessi-Tedaldi and F. Pandolfi and L. Pape and F. Pauss and M. Peruzzi and T. Punz and F.J. Ronga and U. Röser and M. Rossini and L. Sala and A.K. Sanchez and M.-C. Sawley and D. Schinzel and A. Starodumov and B. Stieger and H. Suter and M. Takahashi and L. Tauscher and A. Thea and K. Theofilatos and D. Treille and P. Trüb and S. Udriot and C. Urscheler and G. Viertel and H.P. von Gunten and R. Wallny and H.A. Weber and L. Wehrli and J. Weng and S. Zelepoukine and C. Amsler and V. Chiochia and S. De Visscher and C. Favaro and M. Ivova Rikova and B. Millan Mejias and P. Otiougova and P. Robmann and H. Snoek and S. Tupputi and M. Verzetti and Y.H. Chang and K.H. Chen and W.T. Chen and A. Go and C.M. Kuo and S.W. Li and W. Lin and M.H. Liu and Z.K. Liu and Y.J. Lu and D. Mekterovic and A.P. Singh and R. Volpe and J.H. Wu and S.S. Yu and P. Bartalini and P. Chang and Y.H. Chang and Y.W. Chang and Y. Chao and K.F. Chen and C. Dietz and Z. Gao and U. Grundler and W.-S. Hou and Y. Hsiung and K.Y. Kao and Y.J. Lei and J.j. Liau and S.W. Lin and R.-S. Lu and D. Majumder and E. Petrakou and X. Shi and J.G. Shiu and Y.M. Tzeng and K. Ueno and Y. Velikzhanin and X. Wan and C.C. Wang and M. Wang and J.T. Wei and P. Yeh and B. Asavapibhop and N. Srimanobhas and A. Adiguzel and M.N. Bakirci and S. Cerci and C. Dozen and I. Dumanoglu and E. Eskut and S. Girgis and G. Gokbulut and E. Gurpinar and I. Hos and E.E. Kangal and T. Karaman and G. Karapinar and A. Kayis Topaksu and G. Onengut and K. Ozdemir and S. Ozturk and A. Polatoz and K. Sogut and D. Sunar Cerci and B. Tali and H. Topakli and L.N. Vergili and M. Vergili and I.V. Akin and T. Aliev and B. Bilin and M. Deniz and H. Gamsizkan and A.M. Guler and K. Ocalan and A. Ozpineci and M. Serin and R. Sever and U.E. Surat and M. Zeyrek and M. Deliomeroglu and E. Gülmez and B. Isildak and M. Kaya and O. Kaya and S. Ozkorucuklu and N. Sonmez and K. Cankocak and B. Grynyov and L. Levchuk and S. Lukyanenko and D. Soroka and P. Sorokin and M.K.H. Ahmad and A. Branson and R. McClatchey and M. Odeh and J. Shamdasani and K. Soomro and T. Barrass and F. Bostock and J.J. Brooke and E. Clement and D. Cussans and H. Flacher and R. Frazier and J. Goldstein and M. Grimes and G.P. Heath and H.F. Heath and L. Kreczko and W. Lacesso and S. Metson and D.M. Newbold and K. Nirunpong and A. Poll and S. Senkin and V.J. Smith and T. Williams and L. Basso and E. Bateman and K.W. Bell and A. Belyaev and C. Brew and R.M. Brown and B. Camanzi and D.J.A. Cockerill and J.F. Connolly and J.A. Coughlan and L.G. Denton and P.S. Flower and M.J. French and R.J.S. Greenhalgh and R.N.J. Halsall and K. Harder and S. Harper and J.A. Hill and J. Jackson and B.W. Kennedy and A.L. Lintern and A.B. Lodge and E. Olaiya and M.R. Pearson and D. Petyt and B.C. Radburn-Smith and C.H. Shepherd-Themistocleous and B.J. Smith and M. Sproston and R. Stephenson and I.R. Tomalin and M.J. Torbet and J.H. Williams and W.J. Womersley and R. Bainbridge and G. Ball and J. Ballin and D. Bauer and R. Beuselinck and O. Buchmuller and D. Colling and N. Cripps and M. Cutajar and P. Dauncey and G. Davies and M. Della Negra and W. Ferguson and J. Fulcher and D. Futyan and A. Gilbert and A. Guneratne Bryer and G. Hall and Z. Hatherell and J. Hays and G. Iles and M. Jarvis and J. Jones and G. Karapostoli and M. Kenzie and J. Leaver and L. Lyons and A.-M. Magnan and J. Marrouche and B. Mathias and D.G. Miller and R. Nandi and J. Nash and A. Nikitenko and M. Noy and A. Papageorgiou and J. Pela and M. Pesaresi and K. Petridis and M. Pioppi and D. Rand and D.M. Raymond and S. Rogerson and A. Rose and M.J. Ryan and C. Seez and P. Sharp and A. Sparrow and M. Stoye and A. Tapper and C. Timlin and S. Tourneur and M. Vazquez Acosta and T. Virdee and S. Wakefield and N. Wardle and T. Whyntie and M. Wingham and O. Zorba and M. Chadwick and J.E. Cole and P.R. Hobson and A. Khan and P. Kyberd and D. Leggat and D. Leslie and W. Martin and I.D. Reid and P. Symonds and L. Teodorescu and M. Turner and J. Dittmann and K. Hatakeyama and H. Liu and T. Scarborough and O. Charaf and C. Henderson and P. Rumerio and A. Avetisyan and T. Bose and E. Carrera Jarrin and C. Fantasia and E. Hazen and A. Heister and J.St. John and P. Lawson and D. Lazic and J. Rohlf and D. Sperka and L. Sulak and F. Varela Rodriguez and S. Wu and J. Alimena and S. Bhattacharya and D. Cutts and Z. Demiragli and A. Ferapontov and A. Garabedian and U. Heintz and R. Hooper and S. Jabeen and G. Kukartsev and E. Laird and G. Landsberg and M. Luk and M. Narain and D. Nguyen and M. Segala and T. Sinthuprasith and T. Speer and K.V. Tsang and Z. Unalan and R. Breedon and G. Breto and M. Calderon De La Barca Sanchez and M. Case and S. Chauhan and M. Chertok and J. Conway and R. Conway and P.T. Cox and J. Dolen and R. Erbacher and M. Gardner and G. Grim and J. Gunion and B. Holbrook and W. Ko and A. Kopecky and R. Lander and F.C. Lin and T. Miceli and P. Murray and M. Nikolic and D. Pellett and F. Ricci-tam and J. Rowe and B. Rutherford and M. Searle and J. Smith and M. Squires and M. Tripathi and R. Vasquez Sierra and R. Yohay and V. Andreev and K. Arisaka and D. Cline and R. Cousins and J. Duris and S. Erhan and P. Everaerts and C. Farrell and J. Hauser and M. Ignatenko and C. Jarvis and J. Kubic and S. Otwinowski and C. Plager and G. Rakness and P. Schlein and P. Traczyk and V. Valuev and M. Weber and X. Yang and Y. Zheng and J. Babb and R. Clare and M.E. Dinardo and J. Ellison and J.W. Gary and F. Giordano and G. Hanson and G.Y. Jeng and J.G. Layter and H. Liu and O.R. Long and A. Luthra and H. Nguyen and S. Paramesvaran and B.C. Shen and J. Sturdy and S. Sumowidagdo and R. Wilken and S. Wimpenny and W. Andrews and J.G. Branson and G.B. Cerati and M. Cinquilli and S. Cittolin and D. Evans and F. Golf and A. Holzner and R. Kelley and M. Lebourgeois and J. Letts and I. Macneill and B. Mangano and T. Martin and A. Mrak-Tadel and S. Padhi and C. Palmer and G. Petrucciani and M. Pieri and M. Sani and I. Sfiligoi and V. Sharma and S. Simon and E. Sudano and M. Tadel and Y. Tu and A. Vartak and S. Wasserbaech and F. Würthwein and A. Yagil and J. Yoo and D. Barge and R. Bellan and C. Campagnari and M. D'Alfonso and T. Danielson and K. Flowers and P. Geffert and J. Incandela and C. Justus and P. Kalavase and S.A. Koay and D. Kovalskyi and V. Krutelyov and S. Kyre and S. Lowette and G. Magazzu and N. Mccoll and V. Pavlunin and F. Rebassoo and J. Ribnik and J. Richman and R. Rossin and D. Stuart and W. To and C. West and D. White and D. Adamczyk and A. Apresyan and A. Barczyk and A. Bornheim and J. Bunn and Y. Chen and G. Denis and E. Di Marco and J. Duarte and P. Galvez and M. Gataullin and D. Kcira and I. Legrand and V. Litvine and Y. Ma and Z. Maxa and A. Mott and A. Mughal and D. Nae and H.B. Newman and S. Ravot and C. Rogan and S.G. Rozsa and S. Shevchenko and K. Shin and M. Spiropulu and C. Steenberg and M. Thomas and V. Timciuc and F. van Lingen and J. Veverka and B.R. Voicu and R. Wilkinson and S. Xie and Y. Yang and L. Zhang and K. Zhu and R.Y. Zhu and B. Akgun and V. Azzolini and A. Calamba and R. Carroll and T. Ferguson and Y. Iiyama and D.W. Jang and S.Y. Jun and Y.F. Liu and M. Paulini and J. Russ and N. Terentyev and H. Vogel and I. Vorobiev and J.P. Cumalat and B.R. Drell and W.T. Ford and A. Gaz and B. Heyburn and D. Johnson and E. Luiggi Lopez and U. Nauenberg and J.G. Smith and K. Stenson and K.A. Ulmer and S.R. Wagner and S.L. Zang and L. Agostino and J. Alexander and A. Chatterjee and N. Eggert and L.K. Gibbons and B. Heltsley and A. Khukhunaishvili and B. Kreis and V. Kuznetsov and N. Mirman and G. Nicolas Kaufman and J.R. Patterson and D. Riley and A. Ryd and E. Salvati and S. Stroiney and W. Sun and W.D. Teo and J. Thom and J. Thompson and J. Tucker and J. Vaughan and Y. Weng and L. Winstrom and P. Wittich and D. Winn and S. Abdullin and M. Albert and M. Albrow and J. Anderson and G. Apollinari and M. Atac and W. Badgett and J.A. Bakken and B. Baldin and K. Banicz and L.A.T. Bauerdick and A. Beretvas and J. Berryhill and P.C. Bhat and M. Binkley and F. Borcherding and K. Burkett and J.N. Butler and V. Chetluru and H.W.K. Cheung and F. Chlebana and S. Cihangir and W. Dagenhart and G. Derylo and C. Dumitrescu and D. Dykstra and D.P. Eartly and J.E. Elias and V.D. Elvira and G. Eulisse and D. Evans and D. Fagan and I. Fisk and S. Foulkes and J. Freeman and I. Gaines and Y. Gao and P. Gartung and L. Giacchetti and E. Gottschalk and D. Green and Y. Guo and O. Gutsche and A. Hahn and J. Hanlon and R.M. Harris and J. Hirschauer and B. Holzman and B. Hooberman and J. Howell and C.h. Huang and D. Hufnagel and S. Jindariani and M. Johnson and C.D. Jones and U. Joshi and E. Juska and B. Kilminster and B. Klima and S. Kunori and S. Kwan and K. Larson and C. Leonidopoulos and J. Linacre and D. Lincoln and R. Lipton and J.A. Lopez Perez and S. Los and J. Lykken and K. Maeshima and J.M. Marraffino and S. Maruyama and D. Mason and P. McBride and T. McCauley and K. Mishra and S. Moccia and R.K. Mommsen and S. Mrenna and Y. Musienko and S. Muzaffar and C. Newman-Holmes and V. O'Dell and I. Osborne and J. Pivarski and S. Popescu and R. Pordes and O. Prokofyev and V. Rapsevicius and A. Ronzhin and P. Rossman and S. Ryu and E. Sexton-Kennedy and S. Sharma and T.M. Shaw and R.P. Smith and A. Soha and W.J. Spalding and L. Spiegel and W. Tanenbaum and L. Taylor and R. Thompson and A. Tiradani and S. Tkaczyk and N.V. Tran and L. Tuura and L. Uplegger and E.W. Vaandering and R. Vidal and J. Whitmore and W. Wu and F. Yang and J. Yarba and J.C. Yun and T. Zimmerman and D. Acosta and P. Avery and V. Barashko and D. Bourilkov and M. Chen and T. Cheng and S. Das and M. De Gruttola and G.P. Di Giovanni and D. Dobur and S. Dolinsky and A. Drozdetskiy and R.D. Field and M. Fisher and Y. Fu and I.K. Furic and J. Gartner and L. Gorn and D. Holmes and J. Hugon and B. Kim and J. Konigsberg and A. Korytov and A. Kropivnitskaya and T. Kypreos and J.F. Low and A. Madorsky and K. Matchev and P. Milenovic and G. Mitselmakher and L. Muniz and M. Park and R. Remington and A. Rinkevicius and B. Scurlock and N. Skhirtladze and M. Snowball and J. Stasko and J. Yelton and M. Zakaria and V. Gaultney and S. Hewamanage and L.M. Lebolo and S. Linn and P. Markowitz and G. Martinez and J.L. Rodriguez and T. Adams and A. Askew and M. Bertoldi and J. Bochenek and J. Chen and W.G.D. Dharmaratna and B. Diamond and S.V. Gleyzer and J. Haas and S. Hagopian and V. Hagopian and M. Jenkins and K.F. Johnson and H. Prosper and S. Tentindo and V. Veeraraghavan and M. Weinberg and M.M. Baarmand and B. Dorney and M. Hohlmann and H. Kalakhety and R. Ralich and I. Vodopiyanov and F. Yumiceva and M.R. Adams and I.M. Anghel and L. Apanasevich and Y. Bai and V.E. Bazterra and R.R. Betts and I. Bucinskaite and J. Callner and R. Cavanaugh and M.H. Chung and O. Evdokimov and E.J. Garcia-Solis and L. Gauthier and C.E. Gerber and D.J. Hofman and R. Hollis and A. Iordanova and S. Khalatyan and G.J. Kunde and F. Lacroix and M. Malek and C. O'Brien and C. Silkworth and C. Silvestre and A. Smoron and D. Strom and P. Turner and N. Varelas and U. Akgun and E.A. Albayrak and A.S. Ayan and B. Bilki and W. Clarida and P. Debbins and F. Duru and F.D. Ingram and E. McCliment and J.-P. Merlo and H. Mermerkaya and A. Mestvirishvili and M.J. Miller and A. Moeller and J. Nachtman and C.R. Newsom and E. Norbeck and J. Olson and Y. Onel and F. Ozok and I. Schmidt and S. Sen and P. Tan and E. Tiras and J. Wetzel and T. Yetkin and K. Yi and B.A. Barnett and B. Blumenfeld and S. Bolognesi and D. Fehling and G. Giurgiu and A.V. Gritsan and Z.J. Guo and G. Hu and P. Maksimovic and S. Rappoccio and M. Swartz and A. Whitbeck and P. Baringer and A. Bean and G. Benelli and D. Coppage and O. Grachov and R.P. Kenny Iii and M. Murray and D. Noonan and V. Radicci and S. Sanders and R. Stringer and G. Tinti and J.S. Wood and V. Zhukova and A.F. Barfuss and T. Bolton and I. Chakaberia and A. Ivanov and S. Khalil and M. Makouski and Y. Maravin and S. Shrestha and I. Svintradze and J. Gronberg and D. Lange and D. Wright and A. Baden and R. Bard and M. Boutemeur and B. Calvert and S.C. Eno and J.A. Gomez and T. Grassi and N.J. Hadley and R.G. Kellogg and M. Kirn and T. Kolberg and Y. Lu and M. Marionneau and A.C. Mignerey and K. Pedro and A. Peterman and K. Rossato and A. Skuja and J. Temple and M.B. Tonjes and S.C. Tonwar and T. Toole and E. Twedt and A. Apyan and G. Bauer and J. Bendavid and W. Busza and E. Butz and I.A. Cali and M. Chan and V. Dutta and G. Gomez Ceballos and M. Goncharov and K.A. Hahn and Y. Kim and M. Klute and K. Krajczar and A. Levin and P.D. Luckey and T. Ma and S. Nahn and C. Paus and D. Ralph and C. Roland and G. Roland and M. Rudolph and G.S.F. Stephans and F. Stöckli and K. Sumorok and K. Sung and D. Velicanu and E.A. Wenger and R. Wolf and B. Wyslouch and M. Yang and Y. Yilmaz and A.S. Yoon and M. Zanetti and D. Bailleux and S.I. Cooper and P. Cushman and B. Dahmes and A. De Benedetti and R. Egeland and G. Franzoni and A. Gude and J. Haupt and A. Inyakin and S.C. Kao and K. Klapoetke and Y. Kubota and J. Mans and N. Pastika and R. Rusack and A. Singovsky and N. Tambe and J. Turkewitz and L.M. Cremaldi and R. Kroeger and L. Perera and R. Rahmat and J. Reidy and D.A. Sanders and D. Summers and G. Attebury and E. Avdeeva and K. Bloom and B. Bockelman and S. Bose and D.R. Claes and A. Dominguez and M. Eads and J. Keller and I. Kravchenko and J. Lazo-Flores and C. Lundstedt and H. Malbouisson and S. Malik and R. Snihur and G.R. Snow and D. Swanson and U. Baur and A. Godshalk and I. Iashvili and S. Jain and A. Kharchilava and A. Kumar and S.P. Shipkowski and K. Smith and G. Alverson and E. Barberis and D. Baumgartel and M. Chasco and J. Haley and J. Moromisato and D. Nash and J. Swain and D. Trocino and E. Von Goeler and D. Wood and J. Zhang and A. Anastassov and B. Gobbi and A. Kubik and L. Lusito and N. Odell and R.A. Ofierzynski and B. Pollack and A. Pozdnyakov and M. Schmitt and S. Stoynev and M. Velasco and S. Won and L. Antonelli and B. Baumbaugh and D. Berry and A. Brinkerhoff and K.M. Chan and A.H. Heering and M. Hildreth and C. Jessop and D.J. Karmgard and N. Kellams and J. Kolb and K. Lannon and W. Luo and S. Lynch and N. Marinelli and D.M. Morse and T. Pearson and M. Planer and R. Ruchti and J. Slaunwhite and N. Valls and M. Wayne and M. Wolf and A. Woodard and B. Bylsma and L.S. Durkin and C. Hill and R. Hughes and K. Kotov and T.Y. Ling and D. Puigh and M. Rodenburg and C.J. Rush and V. Sehgal and C. Vuosalo and G. Williams and B.L. Winer and N. Adam and E. Berry and P. Elmer and D. Gerbaudo and V. Halyo and P. Hebda and J. Hegeman and A. Hunt and P. Jindal and D. Lopes Pegna and P. Lujan and D. Marlow and T. Medvedeva and M. Mooney and J. Olsen and P. Pirou{\'{e}} and X. Quan and A. Raval and H. Saka and D. Stickland and C. Tully and J.S. Werner and T. Wildish and Z. Xie and S.C. Zenz and A. Zuranski and J.G. Acosta and M. Bonnett Del Alamo and E. Brownson and X.T. Huang and A. Lopez and H. Mendez and S. Oliveros and J.E. Ramirez Vargas and A. Zatserklyaniy and E. Alagoz and K. Arndt and V.E. Barnes and D. Benedetti and G. Bolla and D. Bortoletto and A. Bujak and M. De Mattia and A. Everett and L. Gutay and Z. Hu and M. Jones and O. Koybasi and M. Kress and A.T. Laasanen and J. Lee and N. Leonardo and C. Liu and V. Maroussov and P. Merkel and D.H. Miller and J. Miyamoto and N. Neumeister and C. Rott and A. Roy and I. Shipsey and D. Silvers and A. Svyatkovskiy and M. Vidal Marono and H.D. Yoo and J. Zablocki and Y. Zheng and S. Guragain and N. Parashar and A. Adair and C. Boulahouache and V. Cuplov and K.M. Ecklund and F.J.M. Geurts and S.J. Lee and W. Li and J.H. Liu and M. Matveev and B.P. Padley and R. Redjimi and J. Roberts and A. Tumanov and P. Yepes and J. Zabel and B. Betchart and A. Bodek and H. Budd and Y.S. Chung and R. Covarelli and P. de Barbaro and R. Demina and Y. Eshaq and T. Ferbel and A. Garcia-Bellido and G. Ginther and P. Goldenzweig and Y. Gotra and J. Han and A. Harel and S. Korjenevski and D.C. Miner and D. Orbaker and W. Sakumoto and P. Slattery and D. Vishnevskiy and M. Zielinski and A. Bhatti and R. Ciesielski and L. Demortier and K. Goulianos and G. Lungu and S. Malik and C. Mesropian and S. Arora and A. Barker and J.P. Chou and C. Contreras-Campana and E. Contreras-Campana and D. Duggan and D. Ferencek and Y. Gershtein and R. Gray and E. Halkiadakis and D. Hidas and A. Lath and S. Panwalkar and M. Park and R. Patel and V. Rekovic and J. Robles and K. Rose and S. Salur and S. Schnetzer and C. Seitz and S. Somalwar and R. Stone and S. Thomas and G. Cerizza and M. Hollingsworth and G. Ragghianti and S. Spanier and Z.C. Yang and A. York and O. Bouhali and R. Eusebi and W. Flanagan and J. Gilmore and T. Kamon and V. Khotilovich and R. Montalvo and C.N. Nguyen and I. Osipenkov and Y. Pakhotin and A. Perloff and J. Roe and A. Safonov and T. Sakuma and S. Sengupta and I. Suarez and A. Tatarinov and D. Toback and N. Akchurin and J. Damgov and C. Dragoiu and P.R. Dudero and C. Jeong and K. Kovitanggoon and S.W. Lee and T. Libeiro and Y. Roh and A. Sill and I. Volobouev and R. Wigmans and E. Appelt and A.G. Delannoy and D. Engh and C. Florez and W. Gabella and S. Greene and A. Gurrola and W. Johns and P. Kurt and C. Maguire and A. Melo and M. Sharma and P. Sheldon and B. Snook and S. Tuo and J. Velkovska and D. Andelin and M.W. Arenton and M. Balazs and S. Boutle and S. Conetti and B. Cox and B. Francis and J. Goodell and R. Hirosky and A. Ledovskoy and C. Lin and C. Neu and D. Phillips II and J. Wood and S. Gollapinni and R. Harr and P.E. Karchin and C. Kottachchi Kankanamge Don and P. Lamichhane and M. Mattson and C. Milst{\`{e}}ne and A. Sakharov and M. Anderson and D. Belknap and J.N. Bellinger and L. Borrello and D. Bradley and D. Carlsmith and M. Cepeda and I. Crotty and S. Dasu and F. Feyzi and E. Friis and T. Gorski and L. Gray and K.S. Grogg and M. Grothe and R. Hall-Wilton and M. Herndon and A. Herv{\'{e}} and P. Klabbers and J. Klukas and J. Lackey and A. Lanaro and C. Lazaridis and J. Leonard and R. Loveless and S. Lusin and M. Magrans de Abril and W. Maier and A. Mohapatra and I. Ojalvo and F. Palmonari and G.A. Pierro and D. Reeder and I. Ross and A. Savin and W.H. Smith and J. Swanson and D. Wenman},
  title         = {Observation of a new boson at a mass of 125 {GeV} with the {CMS} experiment at the {LHC}},
  journal       = {Physics Letters B},
  year          = {2012},
  volume        = {716},
  number        = {1},
  pages         = {30--61},
  month         = {sep},
  __markedentry = {[ram:2]},
  doi           = {10.1016/j.physletb.2012.08.021},
  file          = {:/Users/ramkrishna/cernbox/ThesisReference_2018/Introduction/Higgs_Discovery_paper_CMS.pdf:PDF},
  publisher     = {Elsevier {BV}},
}

@Article{CMSPaperCombinationLong,
  author        = {Chatrchyan, Serguei and others},
  title         = {Observation of a new boson with mass near 125 {GeV} in pp collisions at {$\sqrt{s}$ = 7 and 8 TeV}},
  journal       = {JHEP},
  year          = {2013},
  volume        = {06},
  pages         = {081},
  __markedentry = {[ram:2]},
  archiveprefix = {arXiv},
  collaboration = {CMS},
  doi           = {10.1007/JHEP06(2013)081},
  eprint        = {1303.4571},
  primaryclass  = {hep-ex},
  reportnumber  = {CERN-PH-EP-2013-035},
}

@Article{Aad:2012tfa,
  author        = {Aad, Georges and others},
  title         = {Observation of a new particle in the search for the {Standard Model} {Higgs} boson with the {ATLAS} detector at the {LHC}},
  journal       = {Phys. Lett. B},
  year          = {2012},
  volume        = {716},
  pages         = {1},
  __markedentry = {[ram:2]},
  archiveprefix = {arXiv},
  collaboration = {ATLAS},
  doi           = {10.1016/j.physletb.2012.08.020},
  eprint        = {1207.7214},
  file          = {:/Users/ramkrishna/cernbox/ThesisReference_2018/Introduction/Higgs_Discovery_paper_ATLAS_2012.pdf:PDF},
  primaryclass  = {hep-ex},
  reportnumber  = {CERN-PH-EP-2012-218},
  slaccitation  = {%%CITATION = ARXIV:1207.7214;%%},
}

@Article{Hooft1980,
  author    = {Gerard{\textquotesingle}t Hooft},
  title     = {Gauge Theories of the Forces between Elementary Particles},
  journal   = {Scientific American},
  year      = {1980},
  volume    = {242},
  number    = {6},
  pages     = {104--138},
  month     = {jun},
  doi       = {10.1038/scientificamerican0680-104},
  file      = {:/Users/ramkrishna/cernbox/ThesisReference_2018/Introduction/Gauge_Theories_of_Fources_by_tHooft.pdf:PDF},
  groups    = {General Articles},
  publisher = {Springer Nature},
}

@Article{Chatrchyan:2008zzk,
  author        = {Chatrchyan, S. and others},
  title         = {The {CMS} experiment at the {CERN} {LHC}},
  journal       = {JINST},
  year          = {2008},
  volume        = {3},
  pages         = {S08004},
  collaboration = {CMS},
  doi           = {10.1088/1748-0221/3/08/S08004},
}

@Article{Nason:2004rx,
  author        = {Nason, Paolo},
  title         = {{A new method for combining NLO QCD with shower Monte Carlo algorithms}},
  journal       = {JHEP},
  year          = {2004},
  volume        = {11},
  pages         = {040},
  archiveprefix = {arXiv},
  doi           = {10.1088/1126-6708/2004/11/040},
  eprint        = {hep-ph/0409146},
  slaccitation  = {%%CITATION = HEP-PH/0409146;%%},
}

@Article{Djouadi2005,
  author       = {Abdelhak Djouadi},
  title        = {The Anatomy of Electro-Weak Symmetry Breaking. I: The Higgs boson in the Standard Model},
  abstract     = {This review is devoted to the study of the mechanism of electroweak symmetry breaking and this first part focuses on the Higgs particle of the Standard Model. The fundamental properties of the Higgs boson are reviewed and its decay modes and production mechanisms at hadron colliders and at future lepton colliders are described in detail.},
  date         = {2005-03-17},
  doi          = {10.1016/j.physrep.2007.10.004},
  eprint       = {http://arxiv.org/abs/hep-ph/0503172v2},
  eprintclass  = {hep-ph},
  eprinttype   = {arXiv},
  file         = {:/Users/ramkrishna/cernbox/ThesisReference_2018/Higgs_Mechanism/0503172v2.pdf:PDF},
  groups       = {PPhysics},
  journaltitle = {Phys.Rept.457:1-216,2008},
  keywords     = {hep-ph, hep-ex},
}

@Article{Chanowitz1988,
  author    = {M S Chanowitz},
  title     = {Electroweak Symmetry Breaking: Unitarity, Dynamics, and Experimental Prospects},
  journal   = {Annual Review of Nuclear and Particle Science},
  year      = {1988},
  volume    = {38},
  number    = {1},
  pages     = {323--420},
  month     = {dec},
  doi       = {10.1146/annurev.ns.38.120188.001543},
  file      = {:/Users/ramkrishna/cernbox/ThesisReference_2018/Higgs_Mechanism/EWSB_ReviewPaper_1988.pdf:PDF},
  publisher = {Annual Reviews},
}

@InProceedings{StandardModel67_3,
  author    = {Salam, Abdus},
  title     = {Weak and electromagnetic interactions},
  booktitle = {Elementary particle physics: relativistic groups and analyticity},
  year      = {1968},
  editor    = {Svartholm, Nils},
  pages     = {367},
  publisher = {Almqvist \& Wiksell},
  note      = {Proceedings of the eighth Nobel symposium},
}

@Article{StandardModel67_2,
  author        = {Weinberg, Steven},
  title         = {{A Model of Leptons}},
  journal       = {Phys. Rev. Lett.},
  year          = {1967},
  volume        = {19},
  pages         = {1264},
  __markedentry = {[ram:2]},
  doi           = {10.1103/PhysRevLett.19.1264},
  file          = {:/Users/ramkrishna/cernbox/ThesisReference_2018/Higgs_Mechanism/Model_of_Leptons_Weinberg.pdf:PDF},
  groups        = {PPhysics, chapter-1 (Intro)},
  slaccitation  = {%%CITATION = PRLTA,19,1264;%%},
}

@InCollection{Suura1989,
  author        = {Hiroshi Suura},
  title         = {A {MODEL} {OF} {LEPTONS}},
  booktitle     = {Perspectives on Particle Physics},
  publisher     = {{WORLD} {SCIENTIFIC}},
  year          = {1989},
  pages         = {155--166},
  month         = mar,
  __markedentry = {[ram:2]},
  doi           = {10.1142/9789814434133_0013},
  groups        = {PPhysics},
}

@Article{GEORGI1985463,
  author        = {Georgi, Howard and Machacek, Marie},
  title         = {{Doubly charged Higgs bosons}},
  journal       = {Nucl. Phys. B},
  year          = {1985},
  volume        = {262},
  pages         = {463},
  __markedentry = {[ram:2]},
  doi           = {10.1016/0550-3213(85)90325-6},
  reportnumber  = {HUTP-85/A051},
  slaccitation  = {%%CITATION = NUPHA,B262,463;%%},
}

@Article{aqgc_operators,
  author        = {{O. J. P. {\'E}boli, M. C. Gonzalez-Garcia, and J. K. Mizukoshi}},
  title         = {{$p p \to j j e^{\pm}\mu^{\pm} \nu \nu$} and {$j j e^{\mp}\mu^{\pm} \nu \nu$} at {$\mathcal{O}(\alpha^6_{em})$} and {$\mathcal{O}(\alpha^4_{em} \alpha^2_s)$} for the study of the quartic electroweak gauge boson vertex at {CERN LHC}},
  journal       = {Phys. Rev. D},
  year          = {2006},
  volume        = {74},
  pages         = {073005},
  __markedentry = {[ram:2]},
  archiveprefix = {arXiv},
  doi           = {10.1103/PhysRevD.74.073005},
  eprint        = {hep-ph/0606118},
  groups        = {aQGC},
  primaryclass  = {hep-ph},
}

@Article{paper:JINST:CMSCollaboration,
  author    = {The CMS Collaboration and S Chatrchyan and G Hmayakyan and V Khachatryan and A M Sirunyan and W Adam and T Bauer and T Bergauer and H Bergauer and M Dragicevic and J Erö and M Friedl and R Frühwirth and V M Ghete and P Glaser and C Hartl and N Hoermann and J Hrubec and S Hänsel and M Jeitler and K Kastner and M Krammer and I Magrans de Abril and M Markytan and I Mikulec and B Neuherz and T Nöbauer and M Oberegger and M Padrta and M Pernicka and P Porth and H Rohringer and S Schmid and T Schreiner and R Stark and H Steininger and J Strauss and A Taurok and D Uhl and W Waltenberger and G Walzel and E Widl and C-E Wulz and V Petrov and V Prosolovich and V Chekhovsky and O Dvornikov and I Emeliantchik and A Litomin and V Makarenko and I Marfin and V Mossolov and N Shumeiko and A Solin and R Stefanovitch and J Suarez Gonzalez and A Tikhonov and A Fedorov and M Korzhik and O Missevitch and R Zuyeuski and W Beaumont and M Cardaci and E De Langhe and E A De Wolf and E Delmeire and S Ochesanu and M Tasevsky and P Van Mechelen and J D{\textquotesingle}Hondt and S De Weirdt and O Devroede and R Goorens and S Hannaert and J Heyninck and J Maes and M U Mozer and S Tavernier and W Van Doninck and L Van Lancker and P Van Mulders and I Villella and C Wastiels and C Yu and O Bouhali and O Charaf and B Clerbaux and P De Harenne and G De Lentdecker and J P Dewulf and S Elgammal and R Gindroz and G H Hammad and T Mahmoud and L Neukermans and M Pins and R Pins and S Rugovac and J Stefanescu and V Sundararajan and C Vander Velde and P Vanlaer and J Wickens and M Tytgat and S Assouak and J L Bonnet and G Bruno and J Caudron and B De Callatay and J De Favereau De Jeneret and S De Visscher and P Demin and D Favart and C Felix and B Florins and E Forton and A Giammanco and G Gr{\'{e}}goire and M Jonckman and D Kcira and T Keutgen and V Lemaitre and D Michotte and O Militaru and S Ovyn and T Pierzchala and K Piotrzkowski and V Roberfroid and X Rouby and N Schul and O Van der Aa and N Beliy and E Daubie and P Herquet and G Alves and M E Pol and M H G Souza and M Vaz and D De Jesus Damiao and V Oguri and A Santoro and A Sznajder and E De Moraes Gregores and R L Iope and S F Novaes and T Tomei and T Anguelov and G Antchev and I Atanasov and J Damgov and N Darmenov and L Dimitrov and V Genchev and P Iaydjiev and A Marinov and S Piperov and S Stoykova and G Sultanov and R Trayanov and I Vankov and C Cheshkov and A Dimitrov and M Dyulendarova and I Glushkov and V Kozhuharov and L Litov and M Makariev and E Marinova and S Markov and M Mateev and I Nasteva and B Pavlov and P Petev and P Petkov and V Spassov and Z Toteva and V Velev and V Verguilov and J G Bian and G M Chen and H S Chen and M Chen and C H Jiang and B Liu and X Y Shen and H S Sun and J Tao and J Wang and M Yang and Z Zhang and W R Zhao and H L Zhuang and Y Ban and J Cai and Y C Ge and S Liu and H T Liu and L Liu and S J Qian and Q Wang and Z H Xue and Z C Yang and Y L Ye and J Ying and P J Li and J Liao and Z L Xue and D S Yan and H Yuan and C A Carrillo Montoya and J C Sanabria and N Godinovic and I Puljak and I Soric and Z Antunovic and M Dzelalija and K Marasovic and V Brigljevic and K Kadija and S Morovic and R Fereos and C Nicolaou and A Papadakis and F Ptochos and P A Razis and D Tsiakkouri and Z Zinonos and A Hektor and M Kadastik and K Kannike and E Lippmaa and M Müntel and M Raidal and L Rebane and P A Aarnio and E Anttila and K Banzuzi and P Bulteau and S Czellar and N Eiden and C Eklund and P Engstrom and A Heikkinen and A Honkanen and J Härkönen and V Karimäki and H M Katajisto and R Kinnunen and J Klem and J Kortesmaa and M Kotamäki and A Kuronen and T Lamp{\'{e}}n and K Lassila-Perini and V Lef{\'{e}}bure and S Lehti and T Lind{\'{e}}n and P R Luukka and S Michal and F Moura Brigido and T Mäenpää and T Nyman and J Nyst{\'{e}}n and E Pietarinen and K Skog and K Tammi and E Tuominen and J Tuominiemi and D Ungaro and T P Vanhala and L Wendland and C Williams and M Iskanius and A Korpela and G Polese and T Tuuva and G Bassompierre and A Bazan and P Y David and J Ditta and G Drobychev and N Fouque and J P Guillaud and V Hermel and A Karneyeu and T Le Flour and S Lieunard and M Maire and P Mendiburu and P Nedelec and J P Peigneux and M Schneegans and D Sillou and J P Vialle and M Anfreville and J P Bard and P Besson and E Bougamont and M Boyer and P Bredy and R Chipaux and M Dejardin and D Denegri and J Descamps and B Fabbro and J L Faure and S Ganjour and F X Gentit and A Givernaud and P Gras and G Hamel de Monchenault and P Jarry and C Jeanney and F Kircher and M C Lemaire and Y Lemoigne and B Levesy and E Locci and J P Lottin and I Mandjavidze and M Mur and J P Pansart and A Payn and J Rander and J M Reymond and J Rolquin and F Rondeaux and A Rosowsky and J Y A Rousse and Z H Sun and J Tartas and A Van Lysebetten and P Venault and P Verrecchia and M Anduze and J Badier and S Baffioni and M Bercher and C Bernet and U Berthon and J Bourotte and A Busata and P Busson and M Cerutti and D Chamont and C Charlot and C Collard and A Debraine and D Decotigny and L Dobrzynski and O Ferreira and Y Geerebaert and J Gilly and C Gregory and L Guevara Riveros and M Haguenauer and A Karar and B Koblitz and D Lecouturier and A Mathieu and G Milleret and P Min{\'{e}} and P Paganini and P Poilleux and N Pukhaeva and N Regnault and T Romanteau and I Semeniouk and Y Sirois and C Thiebaux and J C Vanel and A Zabi and J L Agram and A Albert and L Anckenmann and J Andrea and F Anstotz and A M Bergdolt and J D Berst and R Blaes and D Bloch and J M Brom and J Cailleret and F Charles and E Christophel and G Claus and J Coffin and C Colledani and J Croix and E Dangelser and N Dick and F Didierjean and F Drouhin and W Dulinski and J P Ernenwein and R Fang and J C Fontaine and G Gaudiot and W Geist and D Gel{\'{e}} and T Goeltzenlichter and U Goerlach and P Graehling and L Gross and C Guo Hu and J M Helleboid and T Henkes and M Hoffer and C Hoffmann and J Hosselet and L Houchu and Y Hu and D Huss and C Illinger and F Jeanneau and P Juillot and T Kachelhoffer and M R Kapp and H Kettunen and L Lakehal Ayat and A C Le Bihan and A Lounis and C Maazouzi and V Mack and P Majewski and D Mangeol and J Michel and S Moreau and C Olivetto and A Pallar{\`{e}}s and Y Patois and P Pralavorio and C Racca and Y Riahi and I Ripp-Baudot and P Schmitt and J P Schunck and G Schuster and B Schwaller and M H Sigward and J L Sohler and J Speck and R Strub and T Todorov and R Turchetta and P Van Hove and D Vintache and A Zghiche and M Ageron and J E Augustin and C Baty and G Baulieu and M Bedjidian and J Blaha and A Bonnevaux and G Boudoul and P Brunet and E Chabanat and E C Chabert and R Chierici and V Chorowicz and C Combaret and D Contardo and R Della Negra and P Depasse and O Drapier and M Dupanloup and T Dupasquier and H El Mamouni and N Estre and J Fay and S Gascon and N Giraud and C Girerd and G Guillot and R Haroutunian and B Ille and M Lethuillier and N Lumb and C Martin and H Mathez and G Maurelli and S Muanza and P Pangaud and S Perries and O Ravat and E Schibler and F Schirra and G Smadja and S Tissot and B Trocme and S Vanzetto and J P Walder and Y Bagaturia and D Mjavia and A Mzhavia and Z Tsamalaidze and V Roinishvili and R Adolphi and G Anagnostou and R Brauer and W Braunschweig and H Esser and L Feld and W Karpinski and A Khomich and K Klein and C Kukulies and K Lübelsmeyer and J Olzem and A Ostaptchouk and D Pandoulas and G Pierschel and F Raupach and S Schael and A Schultz von Dratzig and G Schwering and R Siedling and M Thomas and M Weber and B Wittmer and M Wlochal and F Adamczyk and A Adolf and G Altenhöfer and S Bechstein and S Bethke and P Biallass and O Biebel and M Bontenackels and K Bosseler and A Böhm and M Erdmann and H Faissner and B Fehr and H Fesefeldt and G Fetchenhauer and J Frangenheim and J H Frohn and J Grooten and T Hebbeker and S Hermann and E Hermens and G Hilgers and K Hoepfner and C Hof and E Jacobi and S Kappler and M Kirsch and P Kreuzer and R Kupper and H R Lampe and D Lanske and R Mameghani and A Meyer and S Meyer and T Moers and E Müller and R Pahlke and B Philipps and D Rein and H Reithler and W Reuter and P Rütten and S Schulz and H Schwarthoff and W Sobek and M Sowa and T Stapelberg and H Szczesny and H Teykal and D Teyssier and H Tomme and W Tomme and M Tonutti and O Tsigenov and J Tutas and J Vandenhirtz and H Wagner and M Wegner and C Zeidler and F Beissel and M Davids and M Duda and G Flügge and M Giffels and T Hermanns and D Heydhausen and S Kalinin and S Kasselmann and G Kaussen and T Kress and A Linn and A Nowack and L Perchalla and M Poettgens and O Pooth and P Sauerland and A Stahl and D Tornier and M H Zoeller and U Behrens and K Borras and A Flossdorf and D Hatton and B Hegner and M Kasemann and R Mankel and A Meyer and J Mnich and C Rosemann and C Youngman and W D Zeuner and F Bechtel and P Buhmann and E Butz and G Flucke and R H Hamdorf and U Holm and R Klanner and U Pein and N Schirm and P Schleper and G Steinbrück and R Van Staa and R Wolf and B Atz and T Barvich and P Blüm and F Boegelspacher and H Bol and Z Y Chen and S Chowdhury and W De Boer and P Dehm and G Dirkes and M Fahrer and U Felzmann and M Frey and A Furgeri and E Gregoriev and F Hartmann and F Hauler and S Heier and K Kärcher and B Ledermann and S Mueller and Th Müller and D Neuberger and C Piasecki and G Quast and K Rabbertz and A Sabellek and A Scheurer and F P Schilling and H J Simonis and A Skiba and P Steck and A Theel and W H Thümmel and A Trunov and A Vest and T Weiler and C Weiser and S Weseler and V Zhukov and M Barone and G Daskalakis and N Dimitriou and G Fanourakis and C Filippidis and T Geralis and C Kalfas and K Karafasoulis and A Koimas and A Kyriakis and S Kyriazopoulou and D Loukas and A Markou and C Markou and N Mastroyiannopoulos and C Mavrommatis and J Mousa and I Papadakis and E Petrakou and I Siotis and K Theofilatos and S Tzamarias and A Vayaki and G Vermisoglou and A Zachariadou and L Gouskos and G Karapostoli and P Katsas and A Panagiotou and C Papadimitropoulos and X Aslanoglou and I Evangelou and P Kokkas and N Manthos and I Papadopoulos and F A Triantis and G Bencze and L Boldizsar and G Debreczeni and C Hajdu and P Hidas and D Horvath and P Kovesarki and A Laszlo and G Odor and G Patay and F Sikler and G Veres and G Vesztergombi and P Zalan and A Fenyvesi and J Imrek and J Molnar and D Novak and J Palinkas and G Szekely and N Beni and A Kapusi and G Marian and B Radics and P Raics and Z Szabo and Z Szillasi and Z L Trocsanyi and G Zilizi and H S Bawa and S B Beri and V Bhandari and V Bhatnagar and M Kaur and J M Kohli and A Kumar and B Singh and J B Singh and S Arora and S Bhattacharya and S Chatterji and S Chauhan and B C Choudhary and P Gupta and M Jha and K Ranjan and R K Shivpuri and A K Srivastava and R K Choudhury and D Dutta and M Ghodgaonkar and S Kailas and S K Kataria and A K Mohanty and L M Pant and P Shukla and A Topkar and T Aziz and Sunanda Banerjee and S Bose and S Chendvankar and P V Deshpande and M Guchait and A Gurtu and M Maity and G Majumder and K Mazumdar and A Nayak and M R Patil and S Sharma and K Sudhakar and B S Acharya and Sudeshna Banerjee and S Bheesette and S Dugad and S D Kalmani and V R Lakkireddi and N K Mondal and N Panyam and P Verma and H Arfaei and M Hashemi and M Mohammadi Najafabadi and A Moshaii and S Paktinat Mehdiabadi and M Felcini and M Grunewald and K Abadjiev and M Abbrescia and L Barbone and P Cariola and F Chiumarulo and A Clemente and A Colaleo and D Creanza and N De Filippis and M De Palma and G De Robertis and G Donvito and R Ferorelli and L Fiore and M Franco and D Giordano and R Guida and G Iaselli and N Lacalamita and F Loddo and G Maggi and M Maggi and N Manna and B Marangelli and M S Mennea and S My and S Natali and S Nuzzo and G Papagni and C Pinto and A Pompili and G Pugliese and A Ranieri and F Romano and G Roselli and G Sala and G Selvaggi and L Silvestris and P Tempesta and R Trentadue and S Tupputi and G Zito and G Abbiendi and W Bacchi and C Battilana and A C Benvenuti and M Boldini and D Bonacorsi and S Braibant-Giacomelli and V D Cafaro and P Capiluppi and A Castro and F R Cavallo and C Ciocca and G Codispoti and M Cuffiani and I D{\textquotesingle}Antone and G M Dallavalle and F Fabbri and A Fanfani and S Finelli and P Giacomelli and V Giordano and M Giunta and C Grandi and M Guerzoni and L Guiducci and S Marcellini and G Masetti and A Montanari and F L Navarria and F Odorici and A Paolucci and G Pellegrini and A Perrotta and A M Rossi and T Rovelli and G P Siroli and G Torromeo and R Travaglini and G P Veronese and S Albergo and M Chiorboli and S Costa and M Galanti and G Gatto Rotondo and N Giudice and N Guardone and F Noto and R Potenza and M A Saizu and G Salemi and C Sutera and A Tricomi and C Tuve and L Bellucci and M Brianzi and G Broccolo and E Catacchini and V Ciulli and C Civinini and R D{\textquotesingle}Alessandro and E Focardi and S Frosali and C Genta and G Landi and P Lenzi and A Macchiolo and F Maletta and F Manolescu and C Marchettini and L Masetti and S Mersi and M Meschini and C Minelli and S Paoletti and G Parrini and E Scarlini and G Sguazzoni and L Benussi and M Bertani and S Bianco and M Caponero and D Colonna and L Daniello and F Fabbri and F Felli and M Giardoni and A La Monaca and B Ortenzi and M Pallotta and A Paolozzi and C Paris and L Passamonti and D Pierluigi and B Ponzio and C Pucci and A Russo and G Saviano and P Fabbricatore and S Farinon and M Greco and R Musenich and S Badoer and L Berti and M Biasotto and S Fantinel and E Frizziero and U Gastaldi and M Gulmini and F Lelli and G Maron and S Squizzato and N Toniolo and S Traldi and S Banfi and R Bertoni and M Bonesini and L Carbone and G B Cerati and F Chignoli and P D{\textquotesingle}Angelo and A De Min and P Dini and F M Farina and F Ferri and P Govoni and S Magni and M Malberti and S Malvezzi and R Mazza and D Menasce and V Miccio and L Moroni and P Negri and M Paganoni and D Pedrini and A Pullia and S Ragazzi and N Redaelli and M Rovere and L Sala and S Sala and R Salerno and T Tabarelli de Fatis and V Tancini and S Taroni and A Boiano and F Cassese and C Cassese and A Cimmino and B D{\textquotesingle}Aquino and L Lista and D Lomidze and P Noli and P Paolucci and G Passeggio and D Piccolo and L Roscilli and C Sciacca and A Vanzanella and P Azzi and N Bacchetta and L Barcellan and M Bellato and M Benettoni and D Bisello and E Borsato and A Candelori and R Carlin and L Castellani and P Checchia and L Ciano and A Colombo and E Conti and M Da Rold and F Dal Corso and M De Giorgi and M De Mattia and T Dorigo and U Dosselli and C Fanin and G Galet and F Gasparini and U Gasparini and A Giraldo and P Giubilato and F Gonella and A Gresele and A Griggio and P Guaita and A Kaminskiy and S Karaevskii and V Khomenkov and D Kostylev and S Lacaprara and I Lazzizzera and I Lippi and M Loreti and M Margoni and R Martinelli and S Mattiazzo and M Mazzucato and A T Meneguzzo and L Modenese and F Montecassiano and A Neviani and M Nigro and A Paccagnella and D Pantano and A Parenti and M Passaseo and R Pedrotta and M Pegoraro and G Rampazzo and S Reznikov and P Ronchese and A Sancho Daponte and P Sartori and I Stavitskiy and M Tessaro and E Torassa and A Triossi and S Vanini and S Ventura and L Ventura and M Verlato and M Zago and F Zatti and P Zotto and G Zumerle and P Baesso and G Belli and U Berzano and S Bricola and A Grelli and G Musitelli and R Nard{\`{o}} and M M Necchi and D Pagano and S P Ratti and C Riccardi and P Torre and A Vicini and P Vitulo and C Viviani and D Aisa and S Aisa and F Ambroglini and M M Angarano and E Babucci and D Benedetti and M Biasini and G M Bilei and S Bizzaglia and M T Brunetti and B Caponeri and B Checcucci and R Covarelli and N Dinu and L Fan{\`{o}} and L Farnesini and M Giorgi and P Lariccia and G Mantovani and F Moscatelli and D Passeri and A Piluso and P Placidi and V Postolache and R Santinelli and A Santocchia and L Servoli and D Spiga and P Azzurri and G Bagliesi and G Balestri and A Basti and R Bellazzini and L Benucci and J Bernardini and L Berretta and S Bianucci and T Boccali and A Bocci and L Borrello and F Bosi and F Bracci and A Brez and F Calzolari and R Castaldi and U Cazzola and M Ceccanti and R Cecchi and C Cerri and A S Cucoanes and R Dell{\textquotesingle}Orso and D Dobur and S Dutta and F Fiori and L Fo{\`{a}} and A Gaggelli and S Gennai and A Giassi and S Giusti and D Kartashov and A Kraan and L Latronico and F Ligabue and S Linari and T Lomtadze and G A Lungu and G Magazzu and P Mammini and F Mariani and G Martinelli and M Massa and A Messineo and A Moggi and F Palla and F Palmonari and G Petragnani and G Petrucciani and A Profeti and F Raffaelli and D Rizzi and G Sanguinetti and S Sarkar and G Segneri and D Sentenac and A T Serban and A Slav and P Spagnolo and G Spandre and R Tenchini and S Tolaini and G Tonelli and A Venturi and P G Verdini and M Vos and L Zaccarelli and S Baccaro and L Barone and A Bartoloni and B Borgia and G Capradossi and F Cavallari and A Cecilia and D D{\textquotesingle}Angelo and I Dafinei and D Del Re and E Di Marco and M Diemoz and G Ferrara and C Gargiulo and S Guerra and M Iannone and E Longo and M Montecchi and M Nuccetelli and G Organtini and A Palma and R Paramatti and F Pellegrino and S Rahatlou and C Rovelli and F Safai Tehrani and A Zullo and G Alampi and N Amapane and R Arcidiacono and S Argiro and M Arneodo and R Bellan and F Benotto and C Biino and S Bolognesi and M A Borgia and C Botta and A Brasolin and N Cartiglia and R Castello and G Cerminara and R Cirio and M Cordero and M Costa and D Dattola and F Daudo and G Dellacasa and N Demaria and G Dughera and F Dumitrache and R Farano and G Ferrero and E Filoni and G Kostyleva and H E Larsen and C Mariotti and M Marone and S Maselli and E Menichetti and P Mereu and E Migliore and G Mila and V Monaco and M Musich and M Nervo and M M Obertino and R Panero and A Parussa and N Pastrone and C Peroni and G Petrillo and A Romero and M Ruspa and R Sacchi and M Scalise and A Solano and A Staiano and P P Trapani and D Trocino and V Vaniev and A Vilela Pereira and A Zampieri and S Belforte and F Cossutti and G Della Ricca and B Gobbo and C Kavka and A Penzo and Y E Kim and S K Nam and D H Kim and G N Kim and J C Kim and D J Kong and S R Ro and D C Son and S Y Park and Y J Kim and J Y Kim and I T Lim and M Y Pac and S J Lee and S Y Jung and J T Rhee and S H Ahn and B S Hong and Y K Jeng and M H Kang and H C Kim and J H Kim and T J Kim and K S Lee and J K Lim and D H Moon and I C Park and S K Park and M S Ryu and K-S Sim and K J Son and S J Hong and Y I Choi and H Castilla Valdez and A Sanchez Hernandez and S Carrillo Moreno and A Morelos Pineda and A Aerts and P Van der Stok and H Weffers and P Allfrey and R N C Gray and M Hashimoto and D Krofcheck and A J Bell and N Bernardino Rodrigues and P H Butler and S Churchwell and R Knegjens and S Whitehead and J C Williams and Z Aftab and U Ahmad and I Ahmed and W Ahmed and M I Asghar and S Asghar and G Dad and M Hafeez and H R Hoorani and I Hussain and N Hussain and M Iftikhar and M S Khan and K Mehmood and A Osman and H Shahzad and A R Zafar and A Ali and A Bashir and A M Jan and A Kamal and F Khan and M Saeed and S Tanwir and M A Zafar and J Blocki and A Cyz and E Gladysz-Dziadus and S Mikocki and M Rybczynski and J Turnau and Z Wlodarczyk and P Zychowski and K Bunkowski and M Cwiok and H Czyrkowski and R Dabrowski and W Dominik and K Doroba and A Kalinowski and K Kierzkowski and M Konecki and J Krolikowski and I M Kudla and M Pietrusinski and K Pozniak and W Zabolotny and P Zych and R Gokieli and L Goscilo and M G{\'{o}}rski and K Nawrocki and P Traczyk and G Wrochna and P Zalewski and K T Pozniak and R Romaniuk and W M Zabolotny and R Alemany-Fernandez and C Almeida and N Almeida and A S Araujo Vila Verde and T Barata Monteiro and M Bluj and S Da Mota Silva and A David Tinoco Mendes and M Freitas Ferreira and M Gallinaro and M Husejko and A Jain and M Kazana and P Musella and R Nobrega and J Rasteiro Da Silva and P Q Ribeiro and M Santos and P Silva and S Silva and I Teixeira and J P Teixeira and J Varela and G Varner and N Vaz Cardoso and I Altsybeev and K Babich and A Belkov and I Belotelov and P Bunin and S Chesnevskaya and V Elsha and Y Ershov and I Filozova and M Finger and M Finger and A Golunov and I Golutvin and N Gorbounov and I Gramenitski and V Kalagin and A Kamenev and V Karjavin and S Khabarov and V Khabarov and Y Kiryushin and V Konoplyanikov and V Korenkov and G Kozlov and A Kurenkov and A Lanev and V Lysiakov and A Malakhov and I Melnitchenko and V V Mitsyn and K Moisenz and P Moisenz and S Movchan and E Nikonov and D Oleynik and V Palichik and V Perelygin and A Petrosyan and E Rogalev and V Samsonov and M Savina and R Semenov and S Sergeev and S Shmatov and S Shulha and V Smirnov and D Smolin and A Tcheremoukhine and O Teryaev and E Tikhonenko and A Urkinbaev and S Vasil{\textquotesingle}ev and A Vishnevskiy and A Volodko and N Zamiatin and A Zarubin and P Zarubin and E Zubarev and N Bondar and Y Gavrikov and V Golovtsov and Y Ivanov and V Kim and V Kozlov and V Lebedev and G Makarenkov and F Moroz and P Neustroev and G Obrant and E Orishchin and A Petrunin and Y Shcheglov and A Shchetkovskiy and V Sknar and V Skorobogatov and I Smirnov and V Sulimov and V Tarakanov and L Uvarov and S Vavilov and G Velichko and S Volkov and A Vorobyev and D Chmelev and D Druzhkin and A Ivanov and V Kudinov and O Logatchev and S Onishchenko and A Orlov and V Sakharov and V Smetannikov and A Tikhomirov and S Zavodthikov and Yu Andreev and A Anisimov and V Duk and S Gninenko and N Golubev and D Gorbunov and M Kirsanov and N Krasnikov and V Matveev and A Pashenkov and A Pastsyak and V E Postoev and A Sadovski and A Skassyrskaia and Alexander Solovey and Anatoly Solovey and D Soloviev and A Toropin and S Troitsky and A Alekhin and A Baldov and V Epshteyn and V Gavrilov and N Ilina and V Kaftanov and V Karpishin and I Kiselevich and V Kolosov and M Kossov and A Krokhotin and S Kuleshov and A Oulianov and A Pozdnyakov and G Safronov and S Semenov and N Stepanov and V Stolin and E Vlasov and V Zaytsev and E Boos and M Dubinin and L Dudko and A Ershov and G Eyyubova and A Gribushin and V Ilyin and V Klyukhin and O Kodolova and N A Kruglov and A Kryukov and I Lokhtin and L Malinina and V Mikhaylin and S Petrushanko and L Sarycheva and V Savrin and L Shamardin and A Sherstnev and A Snigirev and K Teplov and I Vardanyan and A M Fomenko and N Konovalova and V Kozlov and A I Lebedev and N Lvova and S V Rusakov and A Terkulov and V Abramov and S Akimenko and A Artamonov and A Ashimova and I Azhgirey and S Bitioukov and O Chikilev and K Datsko and A Filine and A Godizov and P Goncharov and V Grishin and A Inyakin and V Kachanov and A Kalinin and A Khmelnikov and D Konstantinov and A Korablev and V Krychkine and A Krinitsyn and A Levine and I Lobov and V Lukanin and Y Mel{\textquotesingle}nik and V Molchanov and V Petrov and V Petukhov and V Pikalov and A Ryazanov and R Ryutin and V Shelikhov and V Skvortsov and S Slabospitsky and A Sobol and A Sytine and V Talov and L Tourtchanovitch and S Troshin and N Tyurin and A Uzunian and A Volkov and S Zelepoukine and V Lukyanov and G Mamaeva and Z Prilutskaya and I Rumyantsev and S Sokha and S Tataurschikov and I Vasilyev and P Adzic and I Anicin and M Djordjevic and D Jovanovic and D Maletic and J Puzovic and N Smiljkovic and E Aguayo Navarrete and M Aguilar-Benitez and J Ahijado Munoz and J M Alarcon Vega and J Alberdi and J Alcaraz Maestre and M Aldaya Martin and P Arce and J M Barcala and J Berdugo and C L Blanco Ramos and C Burgos Lazaro and J Caballero Bejar and E Calvo and M Cerrada and M Chamizo Llatas and J J Chercoles Catal{\'{a}}n and N Colino and M Daniel and B De La Cruz and A Delgado Peris and C Fernandez Bedoya and A Ferrando and M C Fouz and D Francia Ferrero and J Garcia Romero and P Garcia-Abia and O Gonzalez Lopez and J M Hernandez and M I Josa and J Marin and G Merino and A Molinero and J J Navarrete and J C Oller and J Puerta Pelayo and J C Puras Sanchez and J Ramirez and L Romero and C Villanueva Munoz and C Willmott and C Yuste and C Albajar and J F de Troc{\'{o}}niz and I Jimenez and R Macias and R F Teixeira and J Cuevas and J Fern{\'{a}}ndez Men{\'{e}}ndez and I Gonzalez Caballero and J Lopez-Garcia and H Naves Sordo and J M Vizan Garcia and I J Cabrillo and A Calderon and D Cano Fernandez and I Diaz Merino and J Duarte Campderros and M Fernandez and J Fernandez Menendez and C Figueroa and L A Garcia Moral and G Gomez and F Gomez Casademunt and J Gonzalez Sanchez and R Gonzalez Suarez and C Jorda and P Lobelle Pardo and A Lopez Garcia and A Lopez Virto and J Marco and R Marco and C Martinez Rivero and P Martinez Ruiz del Arbol and F Matorras and P Orviz Fernandez and A Patino Revuelta and T Rodrigo and D Rodriguez Gonzalez and A Ruiz Jimeno and L Scodellaro and M Sobron Sanudo and I Vila and R Vilar Cortabitarte and M Barbero and D Goldin and B Henrich and L Tauscher and S Vlachos and M Wadhwa and D Abbaneo and S M Abbas and I Ahmed and S Akhtar and M I Akhtar and E Albert and M Alidra and S Ashby and P Aspell and E Auffray and P Baillon and A Ball and S L Bally and N Bangert and R Barill{\`{e}}re and D Barney and S Beauceron and F Beaudette and G Benelli and R Benetta and J L Benichou and W Bialas and A Bjorkebo and D Blechschmidt and C Bloch and P Bloch and S Bonacini and J Bos and M Bosteels and V Boyer and A Branson and H Breuker and R Bruneliere and O Buchmuller and D Campi and T Camporesi and A Caner and E Cano and E Carrone and A Cattai and J P Chatelain and M Chauvey and T Christiansen and M Ciganek and S Cittolin and J Cogan and A Conde Garcia and H Cornet and E Corrin and M Corvo and S Cucciarelli and B Cur{\'{e}} and D D{\textquotesingle}Enterria and A De Roeck and T de Visser and C Delaere and M Delattre and C Deldicque and D Delikaris and D Deyrail and S Di Vincenzo and A Domeniconi and S Dos Santos and G Duthion and L M Edera and A Elliott-Peisert and M Eppard and F Fanzago and M Favre and H Foeth and R Folch and N Frank and S Fratianni and M A Freire and A Frey and A Fucci and W Funk and A Gaddi and F Gagliardi and M Gastal and M Gateau and J C Gayde and H Gerwig and A Ghezzi and D Gigi and K Gill and A S Giolo-Nicollerat and J P Girod and F Glege and W Glessing and R Gomez-Reino Garrido and R Goudard and R Grabit and J P Grillet and P Gutierrez Llamas and E Gutierrez Mlot and J Gutleber and R Hall-wilton and R Hammarstrom and M Hansen and J Harvey and A Herv{\'{e}} and J Hill and H F Hoffmann and A Holzner and A Honma and D Hufnagel and M Huhtinen and S D Ilie and V Innocente and W Jank and P Janot and P Jarron and M Jeanrenaud and P Jouvel and R Kerkach and K Kloukinas and L J Kottelat and J C Labb{\'{e}} and D Lacroix and X Lagrue and C Lasseur and E Laure and J F Laurens and P Lazeyras and J M Le Goff and M Lebeau and P Lecoq and F Lemeilleur and M Lenzi and N Leonardo and C Leonidopoulos and M Letheren and M Liendl and F Limia-Conde and L Linssen and C Ljuslin and B Lofstedt and R Loos and J A Lopez Perez and C Lourenco and A Lyonnet and A Machard and R Mackenzie and N Magini and G Maire and L Malgeri and R Malina and M Mannelli and A Marchioro and J Martin and F Meijers and P Meridiani and E Meschi and T Meyer and A Meynet Cordonnier and J F Michaud and L Mirabito and R Moser and F Mossiere and J Muffat-Joly and M Mulders and J Mulon and E Murer and P Mättig and A Oh and A Onnela and M Oriunno and L Orsini and J A Osborne and C Paillard and I Pal and G Papotti and G Passardi and A Patino-Revuelta and V Patras and B Perea Solano and E Perez and G Perinic and J F Pernot and P Petagna and P Petiot and P Petit and A Petrilli and A Pfeiffer and C Piccut and M Pimiä and R Pintus and M Pioppi and A Placci and L Pollet and H Postema and M J Price and R Principe and A Racz and E Radermacher and R Ranieri and G Raymond and P Rebecchi and J Rehn and S Reynaud and H Rezvani Naraghi and D Ricci and M Ridel and M Risoldi and P Rodrigues Simoes Moreira and A Rohlev and G Roiron and G Rolandi and P Rumerio and O Runolfsson and V Ryjov and H Sakulin and D Samyn and L C Santos Amaral and H Sauce and E Sbrissa and P Scharff-Hansen and P Schieferdecker and W D Schlatter and B Schmitt and H G Schmuecker and M Schröder and C Schwick and C Schäfer and I Segoni and P Sempere Rold{\'{a}}n and S Sgobba and A Sharma and P Siegrist and C Sigaud and N Sinanis and T Sobrier and P Sphicas and M Spiropulu and G Stefanini and A Strandlie and F Szoncs{\'{o}} and B G Taylor and O Teller and A Thea and E Tournefier and D Treille and P Tropea and J Troska and E Tsesmelis and A Tsirou and J Valls and I Van Vulpen and M Vander Donckt and F Vasey and M Vazquez Acosta and L Veillet and P Vichoudis and G Waurick and J P Wellisch and P Wertelaers and M Wilhelmsson and I M Willers and M Winkler and M Zanetti and W Bertl and K Deiters and P Dick and W Erdmann and D Feichtinger and K Gabathuler and Z Hochman and R Horisberger and Q Ingram and H C Kaestli and D Kotlinski and S König and P Poerschke and D Renker and T Rohe and T Sakhelashvili and A Starodumov and V Aleksandrov and F Behner and I Beniozef and B Betev and B Blau and A M Brett and L Caminada and Z Chen and N Chivarov and D Da Silva Di Calafiori and S Dambach and G Davatz and V Delachenal and R Della Marina and H Dimov and G Dissertori and M Dittmar and L Djambazov and M Dröge and C Eggel and J Ehlers and R Eichler and M Elmiger and G Faber and K Freudenreich and J F Fuchs and G M Georgiev and C Grab and C Haller and J Herrmann and M Hilgers and W Hintz and Hans Hofer and Heinz Hofer and U Horisberger and I Horvath and A Hristov and C Humbertclaude and B Iliev and W Kastli and A Kruse and J Kuipers and U Langenegger and P Lecomte and E Lejeune and G Leshev and C Lesmond and B List and P D Luckey and W Lustermann and J D Maillefaud and C Marchica and A Maurisset and B Meier and P Milenovic and M Milesi and F Moortgat and I Nanov and A Nardulli and F Nessi-Tedaldi and B Panev and L Pape and F Pauss and E Petrov and G Petrov and M M Peynekov and D Pitzl and T Punz and P Riboni},
  title     = {The {CMS} experiment at the {CERN} {LHC}},
  journal   = {Journal of Instrumentation},
  year      = {2008},
  volume    = {3},
  number    = {08},
  pages     = {S08004--S08004},
  month     = aug,
  doi       = {10.1088/1748-0221/3/08/s08004},
  file      = {:/Users/ramkrishna/cernbox/ThesisReference_2018/CMS/jinst_CMS_experiment_at_CERN_LHC.pdf:PDF},
  publisher = {{IOP} Publishing},
}

@Misc{LHC-tdr-vol2,
  author       = {Ostojic, Ranko and Proudlock, Paul and Brüning, Oliver Sim and Collier, Paul and Poole, John and Myers, Stephen and Lebrun, P},
  title        = {LHC Design Report Vol.2: The LHC Infrastructure and General Services},
  howpublished = {Cern document server},
  year         = {2004},
  doi          = {10.5170/cern-2004-003-v-2},
  file         = {:/Users/ramkrishna/cernbox/ThesisReference_2018/LHC/CERN-2004-003-V2.pdf:PDF},
  keywords     = {Accelerators and Storage Rings},
  language     = {eng},
  publisher    = {CERN},
  url          = {http://cds.cern.ch/record/815187},
}

@Misc{LHC-tdr-vol3,
  author    = {Schindl, Karlheinz and Collier, Paul and Poole, John and Mertens, V and Benedikt, Michael},
  title     = {LHC Design Report Vol.3: The LHC Injector Chain},
  year      = {2004},
  doi       = {10.5170/cern-2004-003-v-3},
  file      = {:/Users/ramkrishna/cernbox/ThesisReference_2018/LHC/CERN-2004-003-V3.pdf:PDF},
  keywords  = {Accelerators and Storage Rings},
  language  = {eng},
  publisher = {CERN},
  url       = {http://cds.cern.ch/record/823808},
}

@TechReport{LHC-tdr-vol1,
  author      = {Bruning, Oliver S. and Collier, P. and Lebrun, P. and Myers, S. and Ostojic, R. and Poole, J. and Proudlock, P.},
  title       = {{LHC Design Report Vol.1: The LHC Main Ring}},
  institution = {CERN},
  year        = {2004},
  type        = {techreport},
  number      = {CERN-2004-003-V1, CERN-2004-003, CERN-2004-003-V-1},
  abstract    = {The LHC Design Report is presented in three volumes: the first concerns the main ring, the second the infrastructure and general services and the third, the injector chain. The conceptual design was published in 1995 and this report provides a snapshot of the detailed design as it stands at the time of writing - early 2004.},
  file        = {:/Users/ramkrishna/cernbox/ThesisReference_2018/LHC/CERN-2004-003-V1-ft.pdf:PDF},
  keywords    = {LHC, LHC, CMS},
  url         = {https://cds.cern.ch/record/782076},
}

@TechReport{Colaleo:2021453,
  author        = {Colaleo, A and Safonov, A and Sharma, A and Tytgat, M},
  title         = {{CMS Technical Design Report for the Muon Endcap GEM Upgrade}},
  year          = {2015},
  number        = {CERN-LHCC-2015-012. CMS-TDR-013},
  month         = jun,
  __markedentry = {[ram:1]},
  file          = {:/Users/ramkrishna/cernbox/ThesisReference_2018/GEM/CMS-TDR-013.pdf:PDF},
  groups        = {chapter-3 (GEM)},
  reportnumber  = {CERN-LHCC-2015-012},
  url           = {https://cds.cern.ch/record/2021453},
}

@Patent{DEOLIVEIRA2009,
  number        = {WO/2009/127220},
  year          = {2009},
  yearfiled     = {2008},
  author        = {DE OLIVEIRA, Rui and DUARTE PINTO, Serge},
  title         = {A METHOD OF MANUFACTURING A GAS ELECTRON MULTIPLIER},
  language      = {English},
  type          = {patent},
  day           = {22},
  dayfiled      = {14},
  month         = oct,
  monthfiled    = apr,
  url           = {https://patentscope.wipo.int/search/en/detail.jsf?docId=WO2009127220&recNum=&maxRec=1000&office=&prevFilter=&sortOption=&queryString=&tab=PCTBiblio},
  __markedentry = {[ram:1]},
  abstract      = {A method of manufacturing a gas electron multiplier is shown. The method comprises a step of preparing a blank sheet (28) comprised of an insulating sheet (12) with first and second metal layers (14, 16) on its surface, a first metal layer hole forming step in which the first metal layer is patterned by means of photolithography, such as to form holes (18) through the first metal layer, an insulating sheet hole forming step, in which the holes (18) formed in the first metal layer (14) are extended through the insulating layer (12) by etching from the first surface side only, and a second metal layer hole forming step, in which the holes (18) are extended through the second metal layer (16). In one embodiment, the second metal layer hole forming step is performed by electrochemical etching, such that the first metal layer (14) remains unaffected during etching of the second metal layer (16). In another embodiment, in the second metal layer hole forming step, the first and second metal layers (14, 16) are etched from the outside, thereby reducing the initial thicknesses of the first and second metal layers (14, 16) and the second metal layer (16) is simultaneously etched through the holes (18) in the first metal layer (14) and the insulating sheet (12), said etching being maintained until the holes (18) extend through the second metal layer, wherein said initial average thickness of the first and second metal layers (14, 16) is between 6.5 μm and 25 μm, preferably between 7.5 μm and 12 μm.},
  groups        = {chapter-3 (GEM)},
}

@Electronic{cms-lumi-public-results,
  author       = {CMS collaboration},
  title        = {CMS Luminosity - Public results},
  howpublished = {twiki},
  organization = {CMS},
  url          = {https://twiki.cern.ch/twiki/bin/view/CMSPublic/LumiPublicResults},
  owner        = {CMS collaboration},
}

@Misc{Muratori2006,
  author    = {Muratori, B and Herr, Werner},
  title     = {Concept of luminosity},
  year      = {2006},
  abstract  = {The performance of particle colliders is usually quanti ed by the beam energy and the luminosity. We derive the expressions for the luminosity in case of bunched beams in terms of the beam parameters and the geometry. The implications of additional features such as crossing angle, offsets and hourglass effect on the luminosity are calculated. Important operational aspects like integrated luminosity, space and time structure of interactions etc. are discussed. The measurement of luminosity for e+e− as well as hadron colliders and the methods for the calibration of the absolute luminosity are described.},
  doi       = {10.5170/cern-2006-002.361},
  file      = {:/Users/ramkrishna/cernbox/ThesisReference_2018/LHC/Concept_of_Lumonisity.pdf:PDF},
  keywords  = {Accelerators and Storage Rings},
  language  = {eng},
  publisher = {CERN},
  url       = {https://cds.cern.ch/record/941318/?ln=en},
}

@Article{Martin1997,
  author      = {Stephen P. Martin},
  title       = {A Supersymmetry Primer},
  abstract    = {I provide a pedagogical introduction to supersymmetry. The level of discussion is aimed at readers who are familiar with the Standard Model and quantum field theory, but who have had little or no prior exposure to supersymmetry. Topics covered include: motivations for supersymmetry, the construction of supersymmetric Lagrangians, superspace and superfields, soft supersymmetry-breaking interactions, the Minimal Supersymmetric Standard Model (MSSM), R-parity and its consequences, the origins of supersymmetry breaking, the mass spectrum of the MSSM, decays of supersymmetric particles, experimental signals for supersymmetry, and some extensions of the minimal framework.},
  date        = {1997-09-16},
  doi         = {10.1142/9789812839657_0001},
  eprint      = {http://arxiv.org/abs/hep-ph/9709356v7},
  eprintclass = {hep-ph},
  eprinttype  = {arXiv},
  file        = {:/Users/ramkrishna/cernbox/ThesisReference_2018/Higgs_Mechanism/9709356.pdf:PDF},
  keywords    = {hep-ph, hep-ex, hep-th},
}

@Article{Djouadi2005a,
  author       = {Abdelhak Djouadi},
  title        = {The Anatomy of Electro-Weak Symmetry Breaking. II: The Higgs bosons in the Minimal Supersymmetric Model},
  abstract     = {The second part of this review is devoted to the Higgs sector of the Minimal Supersymmetric Standard Model. The properties of the neutral and charged Higgs bosons of the extended Higgs sector are summarized and their decay modes and production mechanisms at hadron colliders and at future lepton colliders are reviewed.},
  date         = {2005-03-17},
  doi          = {10.1016/j.physrep.2007.10.005},
  eprint       = {http://arxiv.org/abs/hep-ph/0503173v2},
  eprintclass  = {hep-ph},
  eprinttype   = {arXiv},
  file         = {:/Users/ramkrishna/cernbox/ThesisReference_2018/Higgs_Mechanism/1-s2.0-S0370157307004346-main.pdf:PDF},
  journaltitle = {Phys.Rept.459:1-241,2008},
  keywords     = {hep-ph, hep-ex},
}

@Article{Han2003,
  author       = {Tao Han and Heather E. Logan and Bob McElrath and Lian-Tao Wang},
  title        = {Phenomenology of the Little Higgs Model},
  abstract     = {We study the low energy phenomenology of the little Higgs model. We first discuss the linearized effective theory of the "littlest Higgs model" and study the low energy constraints on the model parameters. We identify sources of the corrections to low energy observables, discuss model-dependent arbitrariness, and outline some possible directions of extensions of the model in order to evade the precision electroweak constraints. We then explore the characteristic signatures to test the model in the current and future collider experiments. We find that the LHC has great potential to discover the new SU(2) gauge bosons and the possible new U(1) gauge boson to the multi-TeV mass scale. Other states such as the colored vector-like quark T and doubly-charged Higgs boson Phi^{++} may also provide interesting signals. At a linear collider, precision measurements on the triple gauge boson couplings could be sensitive to the new physics scale of a few TeV. We provide a comprehensive list of the linearized interactions and vertices for the littlest Higgs model in the appendices.},
  date         = {2003-01-08},
  doi          = {10.1103/PhysRevD.67.095004},
  eprint       = {http://arxiv.org/abs/hep-ph/0301040v4},
  eprintclass  = {hep-ph},
  eprinttype   = {arXiv},
  file         = {:http\://arxiv.org/pdf/hep-ph/0301040v4:PDF},
  journaltitle = {Phys.Rev. D67 (2003) 095004},
  keywords     = {hep-ph},
}

@InCollection{Sharma2018,
  author    = {Ram Krishna Sharma and Md. Naimuddin and Brian Dorney and Jeremie Alexandre Merlin and Archana Sharma and Marek Michal Gruchala and Priyanka Kumari and Ankita Mehta},
  title     = {Test Beam Study of Gas Electron Multiplier ({GEM}) Detectors for the Upgrade of {CMS} Endcap Muon System},
  booktitle = {{XXII} {DAE} High Energy Physics Symposium},
  publisher = {Springer International Publishing},
  year      = {2018},
  pages     = {179--183},
  doi       = {10.1007/978-3-319-73171-1_40},
}

@InProceedings{Abbaneo2015,
  author    = {D. Abbaneo and M. Abbas and M. Abbrescia and M. Abi Akl and O. Aboamer and D. Acosta and A. Ahmad and W. Ahmed and A. Aleksandrov and P. Altieri and C. Asawatangtrakuldee and P. Aspell and Y. Assran and I. Awan and S. Bally and Y. Ban and S. Banerjee and V. Barashko and P. Barria and G. Bencze and N. Beni and L. Benussi and V. Bhopatkar and S. Bianco and J. Bos and O. Bouhali and A. Braghieri and S. Braibant and S. Buontempo and C. Calabria and M. Caponero and C. Caputo and F. Cassese and A. Castaneda and S. Cauwenbergh and F.R. Cavallo and A. Celik and M. Choi and S. Choi and J. Christiansen and A. Cimmino and S. Colafranceschi and A. Colaleo and A. Conde Garcia and S. Czellar and M.M. Dabrowski and G. De Lentdecker and R. De Oliveira and G. de Robertis and S. Dildick and B. Dorney and G. Endroczi and F. Errico and A. Fenyvesi and S. Ferry and I. Furic and P. Giacomelli and J. Gilmore and V. Golovtsov and L. Guiducci and F. Guilloux and A. Gutierrez and R.M. Hadjiiska and J. Hauser and K. Hoepfner and M. Hohlmann and H. Hoorani and P. Iaydjiev and Y.G. Jeng and T. Kamon and P. Karchin and A. Korytov and S. Krutelyov and A. Kumar and H. Kim and J. Lee and T. Lenzi and L. Litov and F. Loddo and A. Madorsky and T. Maerschalk and M. Maggi and A. Magnani and P.K. Mal and K. Mandal and A. Marchioro and A. Marinov and N. Majumdar and J.A. Merlin and G. Mitselmakher and A.K. Mohanty and A. Mohapatra and J. Molnar and S. Muhammad and S. Mukhopadhyay and M. Naimuddin and S. Nuzzo and E. Oliveri and L.M. Pant and P. Paolucci and I. Park and G. Passeggio and B. Pavlov and B. Philipps and D. Piccolo and H. Postema and A. Puig Baranac and A. Radi and R. Radogna and G. Raffone and A. Ranieri and G. Rashevski and C. Riccardi and M. Rodozov and A. Rodrigues and L. Ropelewski and S. RoyChowdhury and G. Ryu and M.S. Ryu and A. Safonov and S. Salva and G. Saviano and A. Sharma and A. Sharma and R. Sharma and A.H. Shah and M. Shopova and J. Sturdy and G. Sultanov and S.K. Swain and Z. Szillasi and J. Talvitie and A. Tatarinov and T. Tuuva and M. Tytgat and I. Vai and M. Van Stenis and R. Venditti and E. Verhagen and P. Verwilligen and P. Vitulo and S. Volkov and A. Vorobyev and D. Wang and M. Wang and U. Yang and Y. Yang and R. Yonamine and N. Zaganidis and F. Zenoni and A. Zhang},
  title     = {Charged particle detection performance of Gas Electron Multiplier ({GEM}) detectors for the upgrade of {CMS} endcap muon system at the {CERN} {LHC}},
  booktitle = {2015 {IEEE} Nuclear Science Symposium and Medical Imaging Conference ({NSS}/{MIC})},
  year      = {2015},
  month     = {oct},
  publisher = {{IEEE}},
  doi       = {10.1109/nssmic.2015.7581797},
}

@Comment{jabref-meta: databaseType:bibtex;}
