% Encoding: UTF-8

@TechReport{LHC-tdr,
  author      = {Bruning, Oliver S. and Collier, P. and Lebrun, P. and Myers, S. and Ostojic, R. and Poole, J. and Proudlock, P.},
  title       = {{LHC Design Report Vol.1: The LHC Main Ring}},
  institution = {CERN},
  year        = {2004},
  type        = {techreport},
  number      = {CERN-2004-003-V1, CERN-2004-003, CERN-2004-003-V-1},
  abstract    = {The LHC Design Report is presented in three volumes: the first concerns the main ring, the second the infrastructure and general services and the third, the injector chain. The conceptual design was published in 1995 and this report provides a snapshot of the detailed design as it stands at the time of writing - early 2004.},
  file        = {:/Users/ramkrishna/cernbox/ThesisReference_2018/LHC/CERN-2004-003-V1-ft.pdf:PDF},
  keywords    = {LHC},
  url         = {https://cds.cern.ch/record/782076},
}

@Book{Schoerner-Sadenius2015,
  title         = {The Large Hadron Collider},
  publisher     = {Springer International Publishing},
  year          = {2015},
  editor        = {Thomas Sch√∂rner-Sadenius},
  __markedentry = {[ram:6]},
  doi           = {10.1007/978-3-319-15001-7},
  file          = {:/Users/ramkrishna/cernbox/ThesisReference_2018/LHC/2015_Book_TheLargeHadronCollider.pdf:PDF},
  keywords      = {LHC},
}

@Electronic{LHC-parameters-2016,
  author       = {Mike Lamont},
  month        = jul,
  year         = {2016},
  title        = {LHC Performance 2016},
  organization = {CERN},
  url          = {https://lhc-commissioning.web.cern.ch/lhc-commissioning/performance/2016-performance.htm},
  keywords     = {LHC},
}

@Book{Gordonkane2008,
  title     = {Perspectives on LHC Physics},
  publisher = {WORLD SCIENTIFIC PUB CO INC},
  year      = {2008},
  editor    = {Gordon kane, Aaron Pierce},
  isbn      = {981-277-975-2},
  date      = {2008-07-11},
  ean       = {9789812779755},
  file      = {:/Users/ramkrishna/cernbox/PhD_New_Dir_16July2016/books/Kane G. (ed.) Perspectives Of LHC Physics (WS, 2008)(ISBN 9812779752)(O)(352s)_PQft_.pdf:PDF},
  keywords  = {LHC},
  pagetotal = {337},
  url       = {https://www.ebook.de/de/product/7512802/perspectives_on_lhc_physics.html},
}

@Comment{jabref-meta: databaseType:bibtex;}
